2618 4680
677 270 862 334 -6t-·

293 465 323 516 et
349 434 479 517 ¹rudibus
497 448 670 530 convenit,
693 463 724 515 et
742 466 804 516 unu
822 463 873 515 est
888 464 958 534 apta
974 451 1013 516 ad
1025 466 1028 471 ’
1039 447 1244 516 universum*

292 567 494 633 excolendum
519 584 617 651 genus
641 568 824 634 humanum.
868 567 929 634 Sed
952 584 1018 649 quo
1045 564 1143 649 magii
1164 563 1271 630 im-··

290 695 409 751 mutata
431 700 479 751 est
505 683 600 749 hodie
620 683 841 768 philosophiae
867 683 1089 765 conditio,-eo
1117 680 1246 747 minus·

288 802 381 867 nobis
407 801 690 883 committendum,
725 817 762 868 ut
789 800 949 883 antiquam
971 800 1122 868 rationem
1151 816 1247 864 oum¹

286 917 440 984 hodierna
472 917 716 986 confundamus.
768 918 814 984 Et
839 917 985 1002 profecto
1020 918 1116 984 habet
1149 917 1247 983 braca

286 1033 356 1116 ipsa
380 1035 502 1117 antiqui
524 1036 710 1120 disquisitio
730 1035 819 1115 aevi,
843 1054 908 1118 quo
930 1050 1064 1100 mentem
1085 1047 1233 1101 nostram

284 1151 494 1239 maximopere
532 1155 692 1234 advertat,
735 1150 852 1234 habet,
895 1171 960 1233 quo
988 1150 1091 1217 studia
1117 1163 1244 1217 ποιεῖν

284 1271 346 1335 alat
372 1290 408 1336 ac
433 1273 622 1338 moderetur.
664 1271 747 1337 Nam
778 1285 814 1336 ut
841 1270 1033 1334 celebramus
1061 1264 1128 1333 fere
1143 1267 1242 1352 phi-J

284 1386 487 1470 losophiam,
520 1408 577 1455 nee
605 1403 710 1456 umen
733 1386 889 1454 cernimus
918 1388 985 1473 ejus
1016 1385 1079 1452 nisi
1099 1400 1241 1470 -partemt

285 1502 475 1584 obscuram,
515 1508 767 1590 metaphysicam-
792 1517 941 1587 vocant,
975 1503 1019 1569 ita
1046 1501 1239 1586 quaerimus:

283 1632 421 1697 sponte,
444 1619 547 1698 qualis
572 1620 741 1700 aliquando
768 1620 889 1702 fuerit,
912 1637 1010 1702 quum
1032 1620 1153 1702 integra
1177 1620 1239 1687 eoi¹

284 1747 333 1797 set
354 1735 466 1815 plane,
489 1734 646 1800 doctrinas
668 1753 803 1816 omnes,
832 1751 868 1800 ut
888 1752 998 1818 parens
1025 1735 1229 1816 communis,
1269 1786 1272 1791 .

282 1850 561 1933 complecteretur,
584 1851 796 1935 suppeditaret
824 1852 967 1934 homini,
987 1856 1075 1935 quod
1091 1851 1238 1937 negabat·

215 1966 218 1972 '
283 1969 395 2051 religio
428 1984 460 2036 et
488 1974 594 2038 bearet
622 1970 768 2040 universe
795 1971 961 2038 cultiorem
987 1985 1107 2054 partem
1133 1986 1238 2053 gene-t

286 2086 330 2150 ris
356 2087 495 2153 humani.
541 2090 633 2174 Quae
655 2090 682 2155 si
700 2107 914 2172 cognoscere,
937 2106 968 2154 et
984 2107 1059 2155 vero
1081 2085 1155 2152 binc
1176 2087 1236 2170 ip-:

282 2199 311 2262 si
342 2218 451 2282 capere
481 2202 619 2270 fructum
667 2207 845 2289 velimus,
874 2207 907 2272 in
941 2204 1099 2285 antiquam
1130 2202 1235 2271 nobis

194 2307 195 2310 ’
284 2314 448 2383 Graeciam
474 2322 679 2388 recedendum
702 2337 762 2390 est.
791 2323 892 2390 -Nam
911 2322 973 2389 illic
995 2335 1066 2388 nata
1084 2336 1135 2387 ost
1154 2321 1234 2406 plri··

282 2435 429 2518 losophia
460 2451 491 2502 et
516 2438 605 2503 .laete
630 2438 761 2507 increvit
787 2439 1010 2525 effloruitque‚
1033 2453 1070 2504 ut
1086 2454 1233 2520 :germen

280 2553 444 2638 nativum,
465 2557 537 2622 solo
565 2555 611 2623 illi
636 2571 667 2622 et
683 2556 819 2641 tempori
838 2558 930 2623 unice
950 2553 1126 2641 proprium.
1143 2554 1229 2621 Huc

280 2692 358 2738 vero
383 2675 546 2755 traducta,
569 2675 718 2740 enrarcuit
744 2675 853 2742 subito
868 2693 899 2739 et
917 2670 1060 2755 quamvis
1079 2670 1229 2738 studione

217 2836 221 2847 .
280 2789 422 2866 exculta,
444 2789 568 2869 antiqui
593 2789 712 2868 vigoris
736 2808 776 2852 ne
797 2789 932 2870 speciem
964 2788 1090 2869 quidem
1113 2786 1229 2857 referte

282 2899 345 2964 Sed
370 2920 407 2965 eo
428 2903 521 2967 nobis
544 2903 725 2983 diligentius
746 2906 903 2970 tractanda
922 2920 998 2969 sunt
1020 2905 1137 2989 scripte
1151 2905 1223 2973 Pla-
1263 2904 1281 2943 ·’

277 3013 375 3080 tonis.
420 3017 456 3080 In
483 3018 569 3082 hisce
597 3018 679 3083 enirn
708 3036 835 3103 apparet
863 3021 993 3086 dotibus
1024 3023 1092 3088 stris
1119 3022 1228 3089 outni⁴
1262 3056 1265 3061 ·

278 3131 340 3198 bus
364 3145 395 3196 et
420 3131 592 3200 virtutibus
622 3136 796 3217 instructa,
825 3138 961 3221 jungens
988 3138 1226 3221 simplicitatem

276 3249 466 3316 Socraticam
490 3270 561 3316 cum
589 3252 796 3335 Pythagorica
815 3253 1028 3337 sublimitate,
1055 3274 1220 3340 poetarum
1262 3306 1264 3311 s

278 3366 459 3449 elegantiam
473 3388 560 3435 cum
588 3368 822 3437 dialecticorum
847 3371 1043 3455 subtilitate,
1059 3375 1144 3441 banc
1164 3393 1222 3439 au·

276 3498 339 3549 tem
355 3486 525 3570 propriam
537 3540 540 3545 .
553 3487 694 3570 habens,
710 3507 796 3553 :non
819 3488 925 3557 dotem
937 3539 950 3572 ,
962 3522 967 3531 ¹
981 3492 1037 3558 sed
1069 3489 1225 3557 virtutem

280 3599 461 3686 Murem,
480 3619 520 3672 ut
544 3605 585 3670 ad
605 3611 676 3674 aeti
702 3606 843 3673 studium
866 3608 1019 3676 referatur
1044 3617 1123 3671 tota.
1154 3647 1157 3657 -
1218 3644 1221 3653 ·

610 3806 884 3857 W*
