2618 4680
572 246 753 309 ..ις-4

202 442 209 453 ’
240 404 301 475 aad
319 421 354 474 ut
371 409 470 474 oratio
489 408 551 475 viri
567 407 718 477 referebat
735 411 825 494 plane
844 409 1028 485 Latinonma
1051 430 1127 485 suad

192 527 318 593 vitatam
341 528 552 611 scriptorum,
582 529 624 594 ita
651 543 843 595 tamennon
877 545 943 596 tota
973 552 1012 599 ex
1037 536 1127 603 bisce.

193 660 256 711 erat
278 647 372 711 ducta
400 661 430 710 et
456 664 614 729 expressa.-
658 647 694 711 Id
718 666 783 714 non
808 647 927 713 ferebat
950 651 1125 719 studiorum

191 763 292 845 ratio,
315 783 408 846 quarn
426 764 465 829 ab
486 764 575 829 initio
599 764 787 832 instituerat.
830 766 915 832 Nam
941 780 1124 849 anteaquam

191 884 230 947 ad
255 882 423 966 scriptores
450 884 546 948 hosce
572 882 724 963 accessit,
751 883 867 948 adierat
894 884 1125 965 degustaverat-

191 1018 254 1082 que
275 999 402 1082 sontes,
422 1020 442 1065 e
465 1001 581 1083 quibus
599 1001 633 1066 hi
651 1000 713 1085 ipsi
739 1020 793 1065 ora
816 1001 1009 1083 rigaverant,
1040 1002 1125 1071 Atti·

190 1135 246 1184 cos
273 1120 404 1185 maxine
429 1134 460 1185 et
489 1120 692 1199 Socmticos,
722 1116 990 1198 Demosthenem,
1020 1119 1127 1186 xeno·

188 1234 360 1316 pbontem,
382 1235 556 1303 Platonem.
602 1234 684 1300 Sunt
708 1233 763 1316 qui
787 1232 901 1299 Latine
918 1234 965 1298 sic
986 1218 1127 1301 scribant

191 1367 221 1416 tt
245 1354 438 1435 loquantur,
472 1367 508 1416 ut
544 1366 710 1417 occurrant
735 1350 869 1415 subinde
894 1350 1026 1432 vestigia
1057 1350 1125 1415 sive

189 1468 351 1548 Nepotis,
393 1468 462 1530 siue
498 1465 687 1546 Ciceronis,
725 1467 795 1531 sive
822 1466 949 1547 Taciti,
988 1484 1123 1549 quorum

190 1585 242 1650 alii
274 1583 367 1649 alium
400 1581 532 1646 maxime
562 1582 661 1646 secuti
687 1581 765 1648 sint.
817 1581 882 1648 Sed
913 1581 965 1648 ille
1000 1582 1125 1651 Graece

188 1698 372 1781 eogitalnt:
412 1714 526 1782 sponte
560 1700 606 1764 sic
642 1701 709 1786 ejus
735 1719 838 1766 sermo
871 1700 1125 1785 Xenophontem

187 1818 303 1900 fiebat,
336 1833 373 1884 ut
398 1816 461 1883 luit
487 1816 648 1901 Nepotis,
676 1834 706 1883 et
731 1818 938 1900 Platonicus,
976 1834 1012 1883 ut
1042 1836 1124 1883 non·

186 1954 354 2019 numquam
381 1933 444 2000 fuit
466 1935 645 2001 Ciceronis.
690 1935 775 1999 Hinc
800 1936 890 2000 color
914 1935 989 2017 ille,
1020 1950 1057 1999 ut
1078 1936 1122 2001 ita

187 2055 311 2134 dicam,
350 2053 515 2134 Graecus,
561 2053 617 2136 qui
650 2068 687 2119 ut
717 2053 897 2120 dominatur
927 2054 962 2119 in
998 2051 1124 2121 Letims

185 2171 393 2256 scriptoribus
426 2171 588 2253 antiquis,
624 2171 668 2236 ita
694 2174 796 2254 placet
821 2172 854 2236 in
882 2171 1124 2255 Wynenbaehii'

184 2291 336 2358 oratione.
380 2291 417 2356 ld
442 2308 553 2356 ontnes
578 2289 820 2357 animadvertere
843 2305 992 2374 possunt,
1005 2291 1039 2357 in
1058 2289 1120 2356 viri

183 2409 331 2491 scriptis,
362 2427 421 2490 ego
448 2424 665 2490 autemsaepe
688 2408 899 2492 deprehendi,
930 2409 1056 2491 quando
1086 2409 1119 2474 in

182 2525 374 2593 lectionibus
410 2523 586 2605 exponebat
608 2523 728 2602 aliquid
747 2527 799 2589 vel
823 2525 986 2605 narrabat,
1011 2524 1120 2590 confa-

184 2639 296 2704 bulans
323 2637 388 2703 fere
416 2637 583 2700 nobiscum
619 2636 816 2701 suavissime.
876 2639 1002 2702 Atticus
1028 2642 1122 2722 plane

184 2776 289 2825 sermo
315 2771 400 2837 erat,
432 2772 502 2833 non·
515 2753 630 2819 ductus
648 2769 687 2818 ex
711 2749 829 2819 Latino
853 2755 987 2835 quodam
1011 2770 1120 2822 aucto-

181 2893 237 2957 re,
268 2875 324 2940 sed
351 2872 475 2957 spirans
502 2869 691 2937 maantam
716 2871 923 2953 suavitatem,
955 2874 1116 2956 leporem,

180 2991 329 3074 facetias,
361 3006 396 3056 ut
421 2989 455 3054 in
482 2989 704 3072 Xenophontis
728 2989 866 3055 occurrit
901 2991 1117 3060 Memorabili-

180 3107 253 3182 bus.
309 3107 432 3173 Graece
455 3104 612 3170 scribebat
633 3105 760 3185 eidem,
791 3105 819 3171 si
850 3122 916 3172 non
944 3104 1113 3190 facilitate,

179 3241 263 3288 certe
282 3225 433 3306 elegantia
456 3238 488 3287 et
512 3222 671 3306 puritate,
691 3240 754 3304 qua
778 3218 926 3288 Latine.'
947 3225 1045 3310 Quod
1066 3226 1120 3288 vm

181 3341 213 3406 dl
231 3341 265 3406 in
290 3340 431 3423 epistolis
455 3339 610 3420 Graecis,
636 3356 718 3422 quas
745 3339 842 3404 animi
867 3357 977 3404 caussa
1003 3339 1114 3405 subin·

179 3460 219 3524 de
251 3457 290 3523 ad
314 3455 433 3522 amicos
459 3457 605 3541 scripsit:
636 3454 825 3539 dolebatque
851 3457 1112 3538 vehementem

177 3573 292 3655 renatis
312 3570 387 3639 inde
400 3568 499 3639 literis
515 3571 657 3639 Latiam
674 3573 835 3655 linguam,
857 3591 923 3637 non
939 3573 1110 3648 Graecam.

177 3688 211 3754 in
236 3691 355 3756 literata
380 3689 506 3764 civitate
541 3703 694 3773 receptam
720 3689 833 3756 fuisse.
891 3691 1028 3763 Difficilll

179 3805 261 3872 enim
280 3827 343 3876 rem
366 3805 525 3890 asaele
547 3807 698 3897 seribere.
710 3806 845 3891 Latine,
863 3822 903 3876 ut
923 3812 1000 3883 tibio
