<?xml version="1.0" encoding="UTF-8"?>
<!DOCTYPE html PUBLIC "-//W3C//DTD XHTML 1.0 Transitional//EN"
    "http://www.w3.org/TR/xhtml1/DTD/xhtml1-transitional.dtd">
<html xmlns="http://www.w3.org/1999/xhtml" xml:lang="en" lang="en">
 <head>
  <title>
</title>
<meta http-equiv="Content-Type" content="text/html;charset=utf-8" />
  <meta name='ocr-system' content='tesseract 3.04.00' />
  <meta name='ocr-capabilities' content='ocr_page ocr_carea ocr_par ocr_line ocrx_word'/>
</head>
<body>
  <div class='ocr_page' id='page_1' title='image "./initiaphilosoph03heusgoog_0055.png"; bbox 0 0 2618 4680; ppageno 0'>
   <div class='ocr_carea' id='block_1_1' title="bbox 565 227 742 303">
    <p class='ocr_par' dir='ltr' id='par_1_1' title="bbox 565 227 742 303">
     <span class='ocr_line' id='line_1_1' title="bbox 565 227 742 303; baseline 0 -64"><span class='ocrx_word' id='word_1_1' title='bbox 565 227 742 303; x_wconf 63' lang='lat'>¹·-48—</span> 
     </span>
    </p>
   </div>
   <div class='ocr_carea' id='block_1_2' title="bbox 91 375 1181 3977">
    <p class='ocr_par' dir='ltr' id='par_1_2' title="bbox 91 375 1181 3977">
     <span class='ocr_line' id='line_1_2' title="bbox 189 375 1181 488; baseline 0.005 -18"><span class='ocrx_word' id='word_1_2' title='bbox 189 418 257 470; x_wconf 86' lang='lat' dir='ltr'>earn</span> <span class='ocrx_word' id='word_1_3' title='bbox 279 375 475 488; x_wconf 42' lang='lat' dir='ltr'>&#39;reperiemus</span> <span class='ocrx_word' id='word_1_4' title='bbox 499 397 643 469; x_wconf 81' lang='lat' dir='ltr'>accurate</span> <span class='ocrx_word' id='word_1_5' title='bbox 669 402 690 467; x_wconf 89' lang='lat' dir='ltr'>a&#39;</span> <span class='ocrx_word' id='word_1_6' title='bbox 710 424 811 471; x_wconf 89' lang='lat' dir='ltr'>rerum</span> <span class='ocrx_word' id='word_1_7' title='bbox 836 406 964 472; x_wconf 89' lang='lat' dir='ltr'>selentia</span> <span class='ocrx_word' id='word_1_8' title='bbox 990 424 1020 474; x_wconf 92' lang='lat' dir='ltr'>et</span> <span class='ocrx_word' id='word_1_9' title='bbox 1046 402 1121 476; x_wconf 82' lang='lat' dir='ltr'>doc·</span> <span class='ocrx_word' id='word_1_10' title='bbox 1178 431 1181 438; x_wconf 65' lang='grc'><strong>’</strong></span> 
     </span>
     <span class='ocr_line' id='line_1_3' title="bbox 187 516 1138 605; baseline 0.003 -19"><span class='ocrx_word' id='word_1_11' title='bbox 187 521 288 586; x_wconf 88' lang='lat' dir='ltr'>trinae</span> <span class='ocrx_word' id='word_1_12' title='bbox 321 519 439 594; x_wconf 83' lang='lat' dir='ltr'>ratione</span> <span class='ocrx_word' id='word_1_13' title='bbox 461 516 662 583; x_wconf 84' lang='lat' dir='ltr'>distinctam.</span> <span class='ocrx_word' id='word_1_14' title='bbox 706 518 829 585; x_wconf 84' lang='lat' dir='ltr'>P&#39;rln&#39;rus</span> <span class='ocrx_word' id='word_1_15' title='bbox 859 523 958 587; x_wconf 88' lang='lat' dir='ltr'>veluti</span> <span class='ocrx_word' id='word_1_16' title='bbox 994 525 1138 605; x_wconf 84' lang='lat' dir='ltr'>signum.</span> 
     </span>
     <span class='ocr_line' id='line_1_4' title="bbox 188 622 1121 722; baseline 0.002 -16"><span class='ocrx_word' id='word_1_17' title='bbox 188 638 318 706; x_wconf 88' lang='lat' dir='ltr'>sustulit</span> <span class='ocrx_word' id='word_1_18' title='bbox 337 622 750 718; x_wconf 81' lang='lat' dir='ltr'>Pythagoras,‘reconditae</span> <span class='ocrx_word' id='word_1_19' title='bbox 777 639 827 705; x_wconf 87' lang='lat' dir='ltr'>vir</span> <span class='ocrx_word' id='word_1_20' title='bbox 853 639 1034 722; x_wconf 87' lang='lat' dir='ltr'>doctrinae,</span> <span class='ocrx_word' id='word_1_21' title='bbox 1048 646 1121 709; x_wconf 86' lang='lat' dir='ltr'>&#39;nee</span> 
     </span>
     <span class='ocr_line' id='line_1_5' title="bbox 188 753 1122 842; baseline 0.006 -22"><span class='ocrx_word' id='word_1_22' title='bbox 188 755 250 821; x_wconf 87' lang='lat' dir='ltr'>uni·</span> <span class='ocrx_word' id='word_1_23' title='bbox 278 753 489 838; x_wconf 83' lang='lat' dir='ltr'>sapientum,</span> <span class='ocrx_word' id='word_1_24' title='bbox 509 755 565 837; x_wconf 90' lang='lat' dir='ltr'>qui</span> <span class='ocrx_word' id='word_1_25' title='bbox 597 755 643 821; x_wconf 88' lang='lat' dir='ltr'>sic</span> <span class='ocrx_word' id='word_1_26' title='bbox 679 757 934 840; x_wconf 79' lang='lat' dir='ltr'>appellabantur,</span> <span class='ocrx_word' id='word_1_27' title='bbox 968 759 1122 842; x_wconf 77' lang='lat' dir='ltr'>sapientii</span> 
     </span>
     <span class='ocr_line' id='line_1_6' title="bbox 187 865 1122 962; baseline 0.004 -22"><span class='ocrx_word' id='word_1_28' title='bbox 187 865 318 940; x_wconf 78' lang='lat' dir='ltr'>cedens:</span> <span class='ocrx_word' id='word_1_29' title='bbox 351 873 406 956; x_wconf 91' lang='lat' dir='ltr'>qni</span> <span class='ocrx_word' id='word_1_30' title='bbox 433 872 502 938; x_wconf 91' lang='lat' dir='ltr'>aliis</span> <span class='ocrx_word' id='word_1_31' title='bbox 534 873 708 940; x_wconf 80' lang='lat' dir='ltr'><strong>concedens</strong></span> <span class='ocrx_word' id='word_1_32' title='bbox 737 889 768 939; x_wconf 95' lang='lat' dir='ltr'>et</span> <span class='ocrx_word' id='word_1_33' title='bbox 793 892 908 940; x_wconf 90' lang='lat' dir='ltr'>nomen</span> <span class='ocrx_word' id='word_1_34' title='bbox 941 884 1056 962; x_wconf 81' lang='grc' dir='ltr'><em>σοφοῦ</em></span> <span class='ocrx_word' id='word_1_35' title='bbox 1089 882 1122 943; x_wconf 77' lang='lat' dir='ltr'>e‘t</span> 
     </span>
     <span class='ocr_line' id='line_1_7' title="bbox 186 988 1120 1080; baseline 0.01 -24"><span class='ocrx_word' id='word_1_36' title='bbox 186 992 361 1072; x_wconf 85' lang='lat' dir='ltr'>honorem,</span> <span class='ocrx_word' id='word_1_37' title='bbox 384 990 446 1056; x_wconf 88' lang='lat' dir='ltr'>sibi</span> <span class='ocrx_word' id='word_1_38' title='bbox 472 989 542 1074; x_wconf 90' lang='lat' dir='ltr'>lpse</span> <span class='ocrx_word' id='word_1_39' title='bbox 557 988 730 1056; x_wconf 78' lang='lat' dir='ltr'>modestam</span> <span class='ocrx_word' id='word_1_40' title='bbox 751 993 880 1076; x_wconf 81' lang='lat' dir='ltr'>expetiit</span> <span class='ocrx_word' id='word_1_41' title='bbox 905 998 1120 1080; x_wconf 69' lang='grc' dir='ltr'>φιλοσόφού</span> 
     </span>
     <span class='ocr_line' id='line_1_8' title="bbox 185 1107 1120 1194; baseline 0.004 -20"><span class='ocrx_word' id='word_1_42' title='bbox 185 1107 435 1192; x_wconf 79' lang='lat' dir='ltr'>appellationem.</span> <span class='ocrx_word' id='word_1_43' title='bbox 480 1107 584 1192; x_wconf 85' lang='lat' dir='ltr'>Cujus</span> <span class='ocrx_word' id='word_1_44' title='bbox 612 1109 787 1192; x_wconf 85' lang='lat' dir='ltr'>exemplum</span> <span class='ocrx_word' id='word_1_45' title='bbox 812 1131 884 1177; x_wconf 92' lang='lat' dir='ltr'>cum</span> <span class='ocrx_word' id='word_1_46' title='bbox 903 1113 986 1178; x_wconf 92' lang='lat' dir='ltr'>ultro</span> <span class='ocrx_word' id='word_1_47' title='bbox 1008 1131 1120 1194; x_wconf 72' lang='lat' dir='ltr'>seque</span> 
     </span>
     <span class='ocr_line' id='line_1_9' title="bbox 177 1227 1122 1314; baseline 0.004 -22"><span class='ocrx_word' id='word_1_48' title='bbox 177 1239 292 1293; x_wconf 86' lang='lat' dir='ltr'>rentur</span> <span class='ocrx_word' id='word_1_49' title='bbox 317 1238 477 1307; x_wconf 89' lang='lat' dir='ltr'>quotquot</span> <span class='ocrx_word' id='word_1_50' title='bbox 503 1242 541 1290; x_wconf 88' lang='lat' dir='ltr'>ex</span> <span class='ocrx_word' id='word_1_51' title='bbox 573 1227 640 1310; x_wconf 86' lang='lat' dir='ltr'>ejus</span> <span class='ocrx_word' id='word_1_52' title='bbox 678 1227 788 1292; x_wconf 87' lang='lat' dir='ltr'>schola</span> <span class='ocrx_word' id='word_1_53' title='bbox 814 1229 981 1312; x_wconf 88' lang='lat' dir='ltr'>prodibant</span> <span class='ocrx_word' id='word_1_54' title='bbox 1005 1244 1036 1296; x_wconf 90' lang='lat' dir='ltr'>et</span> <span class='ocrx_word' id='word_1_55' title='bbox 1062 1239 1122 1314; x_wconf 87' lang='lat' dir='ltr'>pet</span> 
     </span>
     <span class='ocr_line' id='line_1_10' title="bbox 184 1339 1121 1426; baseline 0.002 -18"><span class='ocrx_word' id='word_1_56' title='bbox 184 1343 360 1408; x_wconf 77' lang='lat' dir='ltr'>universam</span> <span class='ocrx_word' id='word_1_57' title='bbox 388 1339 552 1408; x_wconf 85' lang='lat' dir='ltr'>Graeciam</span> <span class='ocrx_word' id='word_1_58' title='bbox 584 1340 852 1410; x_wconf 81' lang='lat' dir='ltr'>distribuebantur</span> <span class='ocrx_word' id='word_1_59' title='bbox 881 1344 1121 1426; x_wconf 81' lang='lat' dir='ltr'>praeclarissimi</span> 
     </span>
     <span class='ocr_line' id='line_1_11' title="bbox 183 1451 1121 1545; baseline -0.001 -18"><span class='ocrx_word' id='word_1_60' title='bbox 183 1459 267 1542; x_wconf 84' lang='lat' dir='ltr'>viri,</span> <span class='ocrx_word' id='word_1_61' title='bbox 307 1459 420 1525; x_wconf 89' lang='lat' dir='ltr'>horum</span> <span class='ocrx_word' id='word_1_62' title='bbox 449 1451 568 1524; x_wconf 71' lang='lat' dir='ltr'>iactum</span> <span class='ocrx_word' id='word_1_63' title='bbox 595 1472 644 1523; x_wconf 90' lang='lat' dir='ltr'>est</span> <span class='ocrx_word' id='word_1_64' title='bbox 671 1459 877 1543; x_wconf 87' lang='lat' dir='ltr'>auctoritate,</span> <span class='ocrx_word' id='word_1_65' title='bbox 909 1476 946 1529; x_wconf 90' lang='lat' dir='ltr'>ut</span> <span class='ocrx_word' id='word_1_66' title='bbox 971 1460 1121 1545; x_wconf 81' lang='lat' dir='ltr'>sapienti·-</span> 
     </span>
     <span class='ocr_line' id='line_1_12' title="bbox 183 1564 1121 1662; baseline 0.002 -20"><span class='ocrx_word' id='word_1_67' title='bbox 183 1564 262 1642; x_wconf 87' lang='lat' dir='ltr'>bus¹</span> <span class='ocrx_word' id='word_1_68' title='bbox 282 1578 338 1660; x_wconf 91' lang='lat' dir='ltr'>qui</span> <span class='ocrx_word' id='word_1_69' title='bbox 368 1574 625 1658; x_wconf 83' lang='lat' dir='ltr'>celebrabantur,</span> <span class='ocrx_word' id='word_1_70' title='bbox 655 1575 761 1644; x_wconf 82' lang='lat' dir='ltr'>ubivis</span> <span class='ocrx_word' id='word_1_71' title='bbox 785 1580 986 1645; x_wconf 87' lang='lat' dir='ltr'>succederent</span> <span class='ocrx_word' id='word_1_72' title='bbox 1014 1579 1121 1662; x_wconf 72' lang='lat' dir='ltr'>philo</span> 
     </span>
     <span class='ocr_line' id='line_1_13' title="bbox 183 1671 1119 1779; baseline 0.002 -18"><span class='ocrx_word' id='word_1_73' title='bbox 183 1694 291 1779; x_wconf 86' lang='lat' dir='ltr'>sophi.</span> <span class='ocrx_word' id='word_1_74' title='bbox 340 1695 422 1760; x_wconf 89' lang='lat' dir='ltr'>Esse</span> <span class='ocrx_word' id='word_1_75' title='bbox 444 1707 546 1758; x_wconf 89' lang='lat' dir='ltr'>autem</span> <span class='ocrx_word' id='word_1_76' title='bbox 573 1713 645 1759; x_wconf 90' lang='lat' dir='ltr'>cum</span> <span class='ocrx_word' id='word_1_77' title='bbox 672 1691 809 1760; x_wconf 86' lang='lat' dir='ltr'>nominis</span> <span class='ocrx_word' id='word_1_78' title='bbox 833 1671 972 1762; x_wconf 85' lang='lat' dir='ltr'>novitate</span> <span class='ocrx_word' id='word_1_79' title='bbox 1002 1698 1119 1763; x_wconf 78' lang='lat' dir='ltr'>novant</span> 
     </span>
     <span class='ocr_line' id='line_1_14' title="bbox 178 1807 1120 1895; baseline 0.001 -20"><span class='ocrx_word' id='word_1_80' title='bbox 178 1813 379 1895; x_wconf 84' lang='lat' dir='ltr'>&#39;conjunctam</span> <span class='ocrx_word' id='word_1_81' title='bbox 410 1807 654 1892; x_wconf 89' lang='lat' dir='ltr'>philosophandi</span> <span class='ocrx_word' id='word_1_82' title='bbox 687 1808 864 1892; x_wconf 83' lang='lat' dir='ltr'>rationem,</span> <span class='ocrx_word' id='word_1_83' title='bbox 898 1824 933 1874; x_wconf 87' lang='lat' dir='ltr'>ut</span> <span class='ocrx_word' id='word_1_84' title='bbox 961 1809 1120 1892; x_wconf 70' lang='lat' dir='ltr'>significa</span> 
     </span>
     <span class='ocr_line' id='line_1_15' title="bbox 181 1924 1121 2020; baseline -0.005 -24"><span class='ocrx_word' id='word_1_85' title='bbox 181 1941 270 2020; x_wconf 86' lang='lat' dir='ltr'>verat</span> <span class='ocrx_word' id='word_1_86' title='bbox 296 1927 512 2012; x_wconf 85' lang='lat' dir='ltr'>Pythagoras,</span> <span class='ocrx_word' id='word_1_87' title='bbox 543 1927 587 1992; x_wconf 89' lang='lat' dir='ltr'>ita</span> <span class='ocrx_word' id='word_1_88' title='bbox 611 1924 667 1992; x_wconf 92' lang='lat' dir='ltr'>suo</span> <span class='ocrx_word' id='word_1_89' title='bbox 695 1926 842 2010; x_wconf 88' lang='lat' dir='ltr'>deinceps</span> <span class='ocrx_word' id='word_1_90' title='bbox 870 1927 1012 2011; x_wconf 89' lang='lat' dir='ltr'>exemplo</span> <span class='ocrx_word' id='word_1_91' title='bbox 1042 1932 1121 2008; x_wconf 90' lang='lat' dir='ltr'>pro-</span> 
     </span>
     <span class='ocr_line' id='line_1_16' title="bbox 180 2043 1119 2114; baseline -0.002 -2"><span class='ocrx_word' id='word_1_92' title='bbox 180 2047 269 2113; x_wconf 84' lang='lat' dir='ltr'>bavit</span> <span class='ocrx_word' id='word_1_93' title='bbox 284 2048 440 2114; x_wconf 85' lang='lat' dir='ltr'>Socrates.</span> <span class='ocrx_word' id='word_1_94' title='bbox 484 2047 515 2112; x_wconf 90' lang='lat' dir='ltr'>Is</span> <span class='ocrx_word' id='word_1_95' title='bbox 536 2043 712 2111; x_wconf 84' lang='lat' dir='ltr'>incredibili</span> <span class='ocrx_word' id='word_1_96' title='bbox 735 2048 848 2113; x_wconf 91' lang='lat' dir='ltr'>ductus</span> <span class='ocrx_word' id='word_1_97' title='bbox 872 2044 1011 2111; x_wconf 89' lang='lat' dir='ltr'>discendi</span> <span class='ocrx_word' id='word_1_98' title='bbox 1032 2057 1119 2110; x_wconf 91' lang='lat' dir='ltr'>amo-</span> 
     </span>
     <span class='ocr_line' id='line_1_17' title="bbox 182 2163 1115 2246; baseline -0.003 -15"><span class='ocrx_word' id='word_1_99' title='bbox 182 2186 238 2246; x_wconf 88' lang='lat' dir='ltr'>re,</span> <span class='ocrx_word' id='word_1_100' title='bbox 261 2174 380 2230; x_wconf 90' lang='lat' dir='ltr'>tantum</span> <span class='ocrx_word' id='word_1_101' title='bbox 408 2180 442 2228; x_wconf 90' lang='lat' dir='ltr'>se</span> <span class='ocrx_word' id='word_1_102' title='bbox 467 2163 575 2228; x_wconf 90' lang='lat' dir='ltr'>abesse</span> <span class='ocrx_word' id='word_1_103' title='bbox 605 2184 623 2229; x_wconf 90' lang='lat' dir='ltr'>a</span> <span class='ocrx_word' id='word_1_104' title='bbox 648 2163 802 2246; x_wconf 87' lang='lat' dir='ltr'>sapientia</span> <span class='ocrx_word' id='word_1_105' title='bbox 829 2177 860 2228; x_wconf 89' lang='lat' dir='ltr'>et</span> <span class='ocrx_word' id='word_1_106' title='bbox 889 2180 991 2228; x_wconf 87' lang='lat' dir='ltr'>rerum</span> <span class='ocrx_word' id='word_1_107' title='bbox 1014 2163 1115 2229; x_wconf 84' lang='lat' dir='ltr'>scien‘-</span> 
     </span>
     <span class='ocr_line' id='line_1_18' title="bbox 115 2257 1117 2368; baseline 0.003 -24"><span class='ocrx_word' id='word_1_108' title='bbox 115 2364 117 2368; x_wconf 6' lang='grc' dir='ltr'>μ</span> <span class='ocrx_word' id='word_1_109' title='bbox 170 2279 226 2344; x_wconf 76' lang='lat' dir='ltr'>‘tia</span> <span class='ocrx_word' id='word_1_110' title='bbox 246 2275 476 2362; x_wconf 89' lang='lat' dir='ltr'>profitebatur,</span> <span class='ocrx_word' id='word_1_111' title='bbox 498 2292 534 2345; x_wconf 91' lang='lat' dir='ltr'>ut</span> <span class='ocrx_word' id='word_1_112' title='bbox 551 2277 631 2342; x_wconf 92' lang='lat' dir='ltr'>nihil</span> <span class='ocrx_word' id='word_1_113' title='bbox 649 2297 683 2343; x_wconf 91' lang='lat' dir='ltr'>se</span> <span class='ocrx_word' id='word_1_114' title='bbox 706 2279 786 2343; x_wconf 89' lang='lat' dir='ltr'>scire</span> <span class='ocrx_word' id='word_1_115' title='bbox 808 2257 1031 2361; x_wconf 83' lang='lat' dir='ltr'>profiteretur,</span> <span class='ocrx_word' id='word_1_116' title='bbox 1053 2280 1117 2347; x_wconf 84' lang='lat' dir='ltr'>nisi</span> 
     </span>
     <span class='ocr_line' id='line_1_19' title="bbox 181 2382 1117 2480; baseline -0.002 -17"><span class='ocrx_word' id='word_1_117' title='bbox 181 2399 243 2464; x_wconf 92' lang='lat' dir='ltr'>hoc</span> <span class='ocrx_word' id='word_1_118' title='bbox 273 2415 394 2479; x_wconf 91' lang='lat' dir='ltr'>unum,</span> <span class='ocrx_word' id='word_1_119' title='bbox 435 2395 516 2462; x_wconf 90' lang='lat' dir='ltr'>nihil</span> <span class='ocrx_word' id='word_1_120' title='bbox 551 2414 586 2460; x_wconf 90' lang='lat' dir='ltr'>se</span> <span class='ocrx_word' id='word_1_121' title='bbox 610 2393 703 2461; x_wconf 86' lang='lat' dir='ltr'>scire.</span> <span class='ocrx_word' id='word_1_122' title='bbox 756 2395 828 2480; x_wconf 88' lang='lat' dir='ltr'>Qua</span> <span class='ocrx_word' id='word_1_123' title='bbox 852 2412 926 2460; x_wconf 87' lang='lat' dir='ltr'>sane</span> <span class='ocrx_word' id='word_1_124' title='bbox 960 2382 1117 2463; x_wconf 73' lang='lat' dir='ltr'>sententia</span> 
     </span>
     <span class='ocr_line' id='line_1_20' title="bbox 91 2508 1117 2596; baseline -0.001 -16"><span class='ocrx_word' id='word_1_125' title='bbox 91 2508 94 2514; x_wconf 81' lang='grc'>’</span> <span class='ocrx_word' id='word_1_126' title='bbox 181 2514 265 2580; x_wconf 91' lang='lat' dir='ltr'>haud</span> <span class='ocrx_word' id='word_1_127' title='bbox 295 2533 362 2581; x_wconf 90' lang='lat' dir='ltr'>esse</span> <span class='ocrx_word' id='word_1_128' title='bbox 383 2514 531 2593; x_wconf 73' lang='lat' dir='ltr'>videtin,</span> <span class='ocrx_word' id='word_1_129' title='bbox 571 2530 651 2592; x_wconf 90' lang='lat' dir='ltr'>quae</span> <span class='ocrx_word' id='word_1_130' title='bbox 671 2530 781 2578; x_wconf 88' lang='lat' dir='ltr'>verum</span> <span class='ocrx_word' id='word_1_131' title='bbox 809 2509 1034 2596; x_wconf 89' lang='lat' dir='ltr'>philosophum</span> <span class='ocrx_word' id='word_1_132' title='bbox 1059 2515 1117 2579; x_wconf 83' lang='lat' dir='ltr'>de·</span> 
     </span>
     <span class='ocr_line' id='line_1_21' title="bbox 180 2626 1116 2716; baseline -0.002 -19"><span class='ocrx_word' id='word_1_133' title='bbox 180 2649 249 2698; x_wconf 84' lang='lat' dir='ltr'>teat</span> <span class='ocrx_word' id='word_1_134' title='bbox 270 2632 386 2716; x_wconf 79' lang='lat' dir='ltr'>magis:</span> <span class='ocrx_word' id='word_1_135' title='bbox 410 2631 505 2698; x_wconf 88' lang='lat' dir='ltr'>modo</span> <span class='ocrx_word' id='word_1_136' title='bbox 526 2639 610 2697; x_wconf 88' lang='lat' dir='ltr'>recte</span> <span class='ocrx_word' id='word_1_137' title='bbox 629 2626 813 2713; x_wconf 86' lang='lat' dir='ltr'>accipiatur.</span> <span class='ocrx_word' id='word_1_138' title='bbox 855 2631 892 2696; x_wconf 94' lang='lat' dir='ltr'>In</span> <span class='ocrx_word' id='word_1_139' title='bbox 912 2631 1005 2699; x_wconf 74' lang='lat' dir='ltr'>rebus</span> <span class='ocrx_word' id='word_1_140' title='bbox 1033 2631 1116 2696; x_wconf 84' lang='lat' dir='ltr'>enim</span> 
     </span>
     <span class='ocr_line' id='line_1_22' title="bbox 180 2746 1116 2832; baseline -0.003 -15"><span class='ocrx_word' id='word_1_141' title='bbox 180 2751 376 2832; x_wconf 85' lang='lat' dir='ltr'>gravioribus</span> <span class='ocrx_word' id='word_1_142' title='bbox 398 2749 586 2830; x_wconf 88' lang='lat' dir='ltr'>tractandis,</span> <span class='ocrx_word' id='word_1_143' title='bbox 601 2749 772 2814; x_wconf 87' lang='lat' dir='ltr'>cavendnm</span> <span class='ocrx_word' id='word_1_144' title='bbox 791 2746 825 2811; x_wconf 94' lang='lat' dir='ltr'>id</span> <span class='ocrx_word' id='word_1_145' title='bbox 841 2749 974 2814; x_wconf 72' lang='lat' dir='ltr'>manime</span> <span class='ocrx_word' id='word_1_146' title='bbox 995 2765 1062 2830; x_wconf 89' lang='lat' dir='ltr'>est,</span> <span class='ocrx_word' id='word_1_147' title='bbox 1075 2767 1116 2815; x_wconf 89' lang='lat' dir='ltr'>ne</span> 
     </span>
     <span class='ocr_line' id='line_1_23' title="bbox 180 2861 1116 2949; baseline 0 -19"><span class='ocrx_word' id='word_1_148' title='bbox 180 2866 258 2949; x_wconf 92' lang='lat' dir='ltr'>quid</span> <span class='ocrx_word' id='word_1_149' title='bbox 279 2880 425 2944; x_wconf 88' lang='lat' dir='ltr'>tanquam</span> <span class='ocrx_word' id='word_1_150' title='bbox 454 2883 562 2929; x_wconf 90' lang='lat' dir='ltr'>verum</span> <span class='ocrx_word' id='word_1_151' title='bbox 587 2861 632 2926; x_wconf 92' lang='lat' dir='ltr'>sic</span> <span class='ocrx_word' id='word_1_152' title='bbox 655 2876 851 2945; x_wconf 87' lang='lat' dir='ltr'>statuamus,</span> <span class='ocrx_word' id='word_1_153' title='bbox 873 2865 980 2930; x_wconf 90' lang='lat' dir='ltr'>nullus</span> <span class='ocrx_word' id='word_1_154' title='bbox 1003 2880 1039 2929; x_wconf 92' lang='lat' dir='ltr'>ut</span> <span class='ocrx_word' id='word_1_155' title='bbox 1067 2869 1116 2930; x_wconf 84' lang='lat' dir='ltr'>rc&#39;-</span> 
     </span>
     <span class='ocr_line' id='line_1_24' title="bbox 176 2978 1115 3062; baseline 0 -15"><span class='ocrx_word' id='word_1_156' title='bbox 176 2981 339 3062; x_wconf 87' lang='lat' dir='ltr'>linquatur</span> <span class='ocrx_word' id='word_1_157' title='bbox 372 2978 562 3044; x_wconf 85' lang='lat' dir='ltr'>dubitationi</span> <span class='ocrx_word' id='word_1_158' title='bbox 589 2991 619 3042; x_wconf 90' lang='lat' dir='ltr'>et</span> <span class='ocrx_word' id='word_1_159' title='bbox 640 2979 868 3062; x_wconf 88' lang='lat' dir='ltr'>perquisitioni·</span> <span class='ocrx_word' id='word_1_160' title='bbox 892 2982 995 3048; x_wconf 90' lang='lat' dir='ltr'>locus.</span> <span class='ocrx_word' id='word_1_161' title='bbox 1040 2980 1115 3047; x_wconf 90' lang='lat' dir='ltr'>Hoc</span> 
     </span>
     <span class='ocr_line' id='line_1_25' title="bbox 179 3093 1116 3182; baseline 0.003 -21"><span class='ocrx_word' id='word_1_162' title='bbox 179 3096 262 3162; x_wconf 89' lang='lat' dir='ltr'>enim</span> <span class='ocrx_word' id='word_1_163' title='bbox 289 3093 457 3176; x_wconf 88' lang='lat' dir='ltr'>sapientiae</span> <span class='ocrx_word' id='word_1_164' title='bbox 484 3110 533 3159; x_wconf 86' lang='lat' dir='ltr'>est</span> <span class='ocrx_word' id='word_1_165' title='bbox 549 3113 688 3177; x_wconf 89' lang='lat' dir='ltr'>munus,</span> <span class='ocrx_word' id='word_1_166' title='bbox 721 3099 812 3182; x_wconf 86' lang='lat' dir='ltr'>cujus</span> <span class='ocrx_word' id='word_1_167' title='bbox 847 3099 930 3163; x_wconf 89' lang='lat' dir='ltr'>haud</span> <span class='ocrx_word' id='word_1_168' title='bbox 949 3115 1046 3180; x_wconf 86' lang='lat' dir='ltr'>capax</span> <span class='ocrx_word' id='word_1_169' title='bbox 1066 3114 1116 3164; x_wconf 88' lang='lat' dir='ltr'>est</span> 
     </span>
     <span class='ocr_line' id='line_1_26' title="bbox 168 3209 1115 3297; baseline -0.004 -13"><span class='ocrx_word' id='word_1_170' title='bbox 168 3209 288 3284; x_wconf 60' lang='lat' dir='ltr'>&#39;natura</span> <span class='ocrx_word' id='word_1_171' title='bbox 311 3211 457 3279; x_wconf 89' lang='lat' dir='ltr'>humana.</span> <span class='ocrx_word' id='word_1_172' title='bbox 505 3214 566 3278; x_wconf 89' lang='lat' dir='ltr'>Sed</span> <span class='ocrx_word' id='word_1_173' title='bbox 592 3213 750 3297; x_wconf 84' lang='lat' dir='ltr'>inquirere</span> <span class='ocrx_word' id='word_1_174' title='bbox 782 3214 815 3277; x_wconf 91' lang='lat' dir='ltr'>in</span> <span class='ocrx_word' id='word_1_175' title='bbox 843 3232 906 3278; x_wconf 84' lang='lat' dir='ltr'>res·</span> <span class='ocrx_word' id='word_1_176' title='bbox 921 3231 1053 3297; x_wconf 90' lang='lat' dir='ltr'>omnes,</span> <span class='ocrx_word' id='word_1_177' title='bbox 1078 3230 1115 3280; x_wconf 88' lang='lat' dir='ltr'>ut</span> 
     </span>
     <span class='ocr_line' id='line_1_27' title="bbox 178 3322 1114 3422; baseline 0.001 -20"><span class='ocrx_word' id='word_1_178' title='bbox 178 3349 282 3422; x_wconf 80' lang='lat' dir='ltr'>earum</span> <span class='ocrx_word' id='word_1_179' title='bbox 314 3332 453 3414; x_wconf 87' lang='lat' dir='ltr'>ignarum</span> <span class='ocrx_word' id='word_1_180' title='bbox 485 3350 638 3414; x_wconf 88' lang='lat' dir='ltr'>prorsus,</span> <span class='ocrx_word' id='word_1_181' title='bbox 660 3350 763 3415; x_wconf 88' lang='lat' dir='ltr'>neque</span> <span class='ocrx_word' id='word_1_182' title='bbox 783 3328 971 3413; x_wconf 89' lang='lat' dir='ltr'>inquirendo</span> <span class='ocrx_word' id='word_1_183' title='bbox 993 3322 1114 3403; x_wconf 73' lang='lat' dir='ltr'>cessate</span> 
     </span>
     <span class='ocr_line' id='line_1_28' title="bbox 177 3448 1113 3540; baseline -0.009 -21"><span class='ocrx_word' id='word_1_184' title='bbox 177 3471 352 3540; x_wconf 83' lang='lat' dir='ltr'>umquam,</span> <span class='ocrx_word' id='word_1_185' title='bbox 369 3448 487 3532; x_wconf 89' lang='lat' dir='ltr'>quippe</span> <span class='ocrx_word' id='word_1_186' title='bbox 504 3467 674 3528; x_wconf 87' lang='lat' dir='ltr'>numquam</span> <span class='ocrx_word' id='word_1_187' title='bbox 693 3450 869 3533; x_wconf 87' lang='lat' dir='ltr'>explentem</span> <span class='ocrx_word' id='word_1_188' title='bbox 888 3450 1013 3534; x_wconf 87' lang='lat' dir='ltr'>penitus</span> <span class='ocrx_word' id='word_1_189' title='bbox 1029 3468 1113 3514; x_wconf 81' lang='lat' dir='ltr'>acer-</span> 
     </span>
     <span class='ocr_line' id='line_1_29' title="bbox 176 3545 1113 3647; baseline -0.006 -13"><span class='ocrx_word' id='word_1_190' title='bbox 176 3545 293 3634; x_wconf 25' lang='lat' dir='ltr'>rimum*</span> <span class='ocrx_word' id='word_1_191' title='bbox 319 3566 458 3633; x_wconf 88' lang='lat' dir='ltr'>discendi</span> <span class='ocrx_word' id='word_1_192' title='bbox 480 3563 743 3647; x_wconf 89' lang='lat' dir='ltr'>perquirendiqne</span> <span class='ocrx_word' id='word_1_193' title='bbox 772 3567 932 3634; x_wconf 85' lang='lat' dir='ltr'>studium:</span> <span class='ocrx_word' id='word_1_194' title='bbox 964 3567 1025 3629; x_wconf 92' lang='lat' dir='ltr'>hoc</span> <span class='ocrx_word' id='word_1_195' title='bbox 1059 3563 1113 3628; x_wconf 93' lang='lat' dir='ltr'>de-</span> 
     </span>
     <span class='ocr_line' id='line_1_30' title="bbox 179 3678 1113 3776; baseline -0.006 -27"><span class='ocrx_word' id='word_1_196' title='bbox 179 3687 264 3749; x_wconf 86' lang='lat' dir='ltr'>nium</span> <span class='ocrx_word' id='word_1_197' title='bbox 287 3678 735 3776; x_wconf 56' lang='lat' dir='ltr'>philosopbi&#39;est,&#39;⁴&#39;idemque</span> <span class='ocrx_word' id='word_1_198' title='bbox 756 3682 906 3750; x_wconf 84' lang='lat' dir='ltr'>hnmanae</span> <span class='ocrx_word' id='word_1_199' title='bbox 929 3679 1025 3744; x_wconf 89' lang='lat' dir='ltr'>menti</span> <span class='ocrx_word' id='word_1_200' title='bbox 1043 3678 1113 3744; x_wconf 89' lang='lat' dir='ltr'>unl-</span> 
     </span>
     <span class='ocr_line' id='line_1_31' title="bbox 180 3780 1139 3887; baseline 0 -23"><span class='ocrx_word' id='word_1_201' title='bbox 180 3817 215 3864; x_wconf 87' lang='lat' dir='ltr'>ce</span> <span class='ocrx_word' id='word_1_202' title='bbox 243 3817 427 3880; x_wconf 86' lang='lat' dir='ltr'>congruum.</span> <span class='ocrx_word' id='word_1_203' title='bbox 978 3882 981 3887; x_wconf 21' lang='grc' dir='ltr'>Ι</span> <span class='ocrx_word' id='word_1_204' title='bbox 1090 3780 1093 3785; x_wconf 15' lang='grc' dir='ltr'><strong>Δ</strong></span> <span class='ocrx_word' id='word_1_205' title='bbox 1137 3789 1139 3793; x_wconf 50' lang='grc'>’</span> 
     </span>
     <span class='ocr_line' id='line_1_32' title="bbox 1032 3910 1112 3977; baseline 0 -1"><span class='ocrx_word' id='word_1_206' title='bbox 1032 3910 1112 3977; x_wconf 87' lang='lat' dir='ltr'>Sim·</span> 
     </span>
    </p>
   </div>
   <div class='ocr_carea' id='block_1_3' title="bbox 0 0 1314 4680">
    <p class='ocr_par' dir='ltr' id='par_1_3' title="bbox 0 0 1314 4680">
     <span class='ocr_line' id='line_1_33' title="bbox 0 0 1314 4680; baseline 0 4"><span class='ocrx_word' id='word_1_207' title='bbox 0 0 1314 4680; x_wconf 95' lang='lat' dir='ltr'> </span> 
     </span>
    </p>
   </div>
  </div>
 </body>
</html>
