2618 4680
563 193 672 256 tun-,⁹2
691 207 739 229 u-

180 353 452 441 omonimo
473 353 565 433 alito
583 368 789 439 appetente,
811 372 904 436 quan
922 351 1043 420 mom·
1054 370 1122 433 sc.

180 471 267 552 leot,
295 468 496 554 felicitatem,
528 471 563 539 in
588 469 726 555 perfecta
762 469 877 554 pariter
904 469 1124 548 conditione*-

181 587 286 670 omnia
306 588 485 659 tribuebant
502 587 623 672 inenti,
644 587 791 657 sensibus
810 587 1002 695 qorponque
1018 585 1124 653 nihik

178 704 295 803 imaue
308 708 398 775 Plato
415 707 563 774 acerrimo
582 709 696 774 ductus
718 706 938 790 philosophiae
957 703 1120 772 veritatis·

182 843 245 909 que
265 825 394 905 studio,
421 825 543 892 beatam
567 825 762 896 adumbravit
787 824 960 893 animorum
984 823 1018 888 io
1034 822 1122 905 pris·

180 958 219 1006 ea
236 942 365 1021 quadam
384 939 449 1008 vita
465 941 701 1023 conditionem,
726 943 881 1027 eiusmodi
898 942 1002 1020 illam,
1015 955 1053 1005 ut
1068 939 1121 1006 in·

180 1060 271 1156 tegra
287 1061 430 1141 puraque
456 1056 635 1129 interantur
651 1060 718 1128 veri
742 1058 1018 1142 contemplatione.

187 1230 204 1263 ‚³
221 1174 294 1258 Diis
310 1175 490 1249 tribuebant
503 1178 647 1260 antiqui,
660 1179 748 1261 quod
759 1177 837 1261 ipsis
852 1177 1016 1244 videbatur
1030 1193 1136 1254 sum-3

181 1310 266 1382 ptum
286 1293 523 1379 etperfectutn.
564 1296 664 1381 Apud
680 1296 855 1365 Homerum
874 1293 1021 1361 convivia
1039 1293 1138 1366 cele·;

181 1407 275 1497 braant
295 1411 351 1478 Dii
376 1413 532 1483 hilaritate
557 1417 704 1496 summa,
727 1433 820 1497 quam
848 1416 936 1481 alunt
953 1411 1137 1494 Apollinis.

180 1543 293 1603 tantus
309 1545 341 1597 et
366 1530 456 1596 chori
477 1531 665 1611 Musarum,
687 1530 802 1604 excitat
831 1544 935 1599 autem
954 1539 1064 1592 nectar
1087 1525 1126 1592 in

180 1645 312 1733 primis,
344 1649 432 1728 quod
461 1646 596 1728 singulis
614 1647 809 1715 administrat
833 1647 904 1714 'sive
920 1644 1024 1711 'Hebe
1050 1644 1137 1711 sive·

179 1760 392 1849 Gmymedes.
437 1763 500 1830 Sed
521 1762 557 1827 in
570 1763 640 1844 ,hae
665 1764 825 1853 Platonica
845 1764 967 1832 divinae
986 1761 1134 1829 felicita·'

179 1878 471 1968 tisdescriptione,
492 1895 598 1951 nectat
617 1880 744 1964 quidem
768 1879 930 1961 occurrit,
952 1881 1008 1947 sed
1027 1880 1131 1962 equis.

179 1998 347 2088 praebetur
361 2001 503 2070 Deorum
517 2018 585 2079 *unp
612 2019 686 2075 cnm
715 1999 900 2080 ambrosia,
923 1997 1049 2079 quando
1069 1998 1127 2067 iti-¹

178 2134 253 2183 nere
277 2117 400 2200 fatigati
420 2117 624 2201 praesepibus
648 2119 792 2183 adstant:
817 2116 1008 2199 ipsosrvero
1030 2116 1135 2204 Dent.

180 2253 238 2300 nec
265 2248 398 2314 cantus,
419 2232 611 2314 neochori,
644 2250 703 2298 nee
729 2250 806 2298 vero
826 2247 932 2299 nectm
958 2230 1022 2296 'ant
1052 2251 1134 2309 ram-g

128 2369 130 2372 ·
180 2349 289 2426 brocia
311 2350 489 2421 &mutent
512 2350 789 2433 antoninum,
808 2349 877 2415 se'd
901 2367 999 2414 unum
1032 2364 1125 2417 tenet

180 2467 322 2538 ueritatis
349 2470 586 2554 spectaculum,
624 2469 713 2551 quod
745 2481 921 2552 spectantes
953 2467 1135 2549 voluptate·

180 2583 355 2671 fruuntur,
378 2608 458 2670 quae
474 2589 542 2659 sola
555 2585 619 2656 diei
637 2586 741 2655 divina
761 2599 879 2672 potest.
923 2586 1009 2651 Haec
1025 2605 1125 2652 aurea

180 2719 264 2778 ants
283 2722 331 2775 eat
345 2707 623 2790 philosophorum.

186 2886 191 2895 ,
224 2822 322 2906 Quod
339 2838 442 2887 autem
466 2823 505 2887 ad
523 2822 621 2902 ipsam
643 2820 754 2885 attinet
770 2819 930 2901 fabulam,
952 2817 1044 2885 facile
1071 2819 1123 2886 in·

181 2935 372 3016 telligimus,
397 2949 495 3001 totam
524 2937 603 3002 hanc
633 2935 810 3003 animorum
837 2951 868 3003 et
890 2938 1037 3003 coelestis
1068 2941 1134 3005 iti-2

180 3051 265 3137 netis
289 3049 475 3134 imaginem,
498 3051 612 3119 aeolis
633 3052 754 3119 ambitu
776 3055 902 3121 ductam
926 3073 1018 3134 csse,
1041 3075 1122 3135 qna-

179 3173 243 3256 lerp
265 3168 351 3239 hunc
380 3167 620 3236 informaverant
641 3187 752 3254 poetae
783 3170 909 3237 Graeci.
953 3170 1119 3238 Phoebum

179 3289 214 3357 hi
244 3287 397 3356 finxerant
425 3288 582 3355 sedentem
603 3288 636 3352 in
655 3309 749 3354 curro
768 3305 798 3353 et
817 3308 916 3371 equos
936 3288 1008 3355 illos
1035 3288 1121 3368 igni-

178 3422 292 3478 voutos
310 3406 485 3491 pennisque
504 3407 624 3472 levatos
645 3420 807 3488 agentem,
824 3407 947 3476 coelum
966 3425 1118 3473 conscen-

180 3526 253 3592 dere
270 3523 413 3609 quotidie
433 3542 464 3591 et
483 3537 585 3592 totum
609 3522 752 3601 transire.
776 3524 807 3568 (ι)

1046 3663 1117 3706 ‚aa-

187 3806 191 3815 ·
215 3773 267 3847 (t)
285 3774 367 3828 ond.
385 3776 495 3831 Melam.
516 3777 555 3831 11.
576 3778 633 3855 159.
