2618 4680
567 336 615 363 υ,-
633 320 695 384 Ι103
715 335 760 367 π·

197 502 263 553 tum
300 483 457 567 quodnam
493 504 602 567 exeo¹
628 482 819 565 percipiatur
846 489 896 551 vel
932 491 1123 557 emolumen-

195 619 260 668 turn
279 603 328 666 uel
348 603 505 677 damnum.
551 599 665 667 Omnis
685 619 771 669 amor
786 600 942 683 cupiditas
963 620 1010 670 est
1030 625 1126 686 quae·
1174 604 1178 613 “

193 702 284 793 daur:
308 720 387 800 sed,
410 733 446 783 ut
465 720 562 783 multa
582 734 657 783 sunt
674 736 784 809 genera
802 719 1034 802 cupiditatum,
1046 742 1126 803 quo·

186 857 258 904 rum
287 837 347 917 alia
375 837 437 901 alio
462 850 630 920 spectant,
674 835 717 901 ita
742 855 828 901 amor
852 839 1047 920 voluptatem
1073 859 1126 920 ap-

185 956 268 1039 petit
298 954 531 1038 pulcritudinis.
575 957 675 1022 Porro
698 973 771 1023 curn
797 953 860 1019 duo
886 955 979 1020 nobis
1001 955 1123 1035 insint,
1182 936 1185 943 ⁵

188 1092 269 1154 quae
307 1072 397 1154 sequi
431 1072 586 1138 soleamus
619 1091 822 1153 quocumque
853 1073 990 1161 ducant,
1020 1073 1125 1139 innata

186 1188 265 1255 haec
292 1188 384 1271 nobis
415 1188 570 1271 cupiditas
599 1188 822 1271 pulcritudinis
867 1201 899 1253 et
924 1188 1124 1272 voluptatis,

187 1318 256 1369 tum
295 1307 446 1386 alterurn,
478 1306 555 1371 boni
583 1305 795 1387 existimatio,
828 1304 950 1371 ratione
987 1319 1018 1371 et
1056 1319 1122 1371 stu.-

187 1422 241 1486 dio
259 1401 385 1503 'parta3
417 1442 504 1496 amor
540 1422 610 1487 sine
644 1423 764 1487 ratione
795 1422 913 1489 bonive
950 1422 1057 1489 studio
1084 1423 1124 1489 ad

186 1539 337 1629 corporis
365 1538 461 1603 trahit
476 1540 670 1634 uoluptates.
716 1540 784 1605 Hac
813 1540 980 1623 praemissa
1003 1540 1118 1606 aruntis

153 1708 156 1713 .
192 1653 394 1735 definitione,
415 1655 508 1721 efficit
533 1655 605 1719 inde
629 1658 793 1737 Socrates,
814 1656 1026 1741 perniciosum
1047 1677 1117 1725 esse

182 1771 292 1857 juveni
318 1791 475 1851 aurorem:
498 1787 662 1838 amatorem
673 1844 680 1866 ,-
689 1773 793 1854 eninr,
816 1773 936 1857 quippe
957 1775 1120 1857 voluptati

179 1865 388 1970 servientem,
411 1889 444 1955 id
480 1890 572 1955 unice
597 1908 708 1972 agere,
730 1904 768 1955 ut
794 1892 945 1961 amasium
972 1891 1035 1957 sibi
1053 1892 1118 1957 effis

178 2003 244 2069 ciat
276 2025 368 2085 quatu
394 2005 623 2102 gratissimum:
648 2006 732 2071 haud
751 2003 833 2070 ferre
862 2005 983 2086 igitur,
1015 2007 1043 2071 si
1070 2008 1118 2087 ip·

177 2140 253 2187 surn
285 2122 352 2185 sive
383 2121 530 2203 ingenie,
564 2121 631 2187 sive
658 2120 867 2204 fortitudine,
899 2122 968 2189 sive
998 2122 1119 2189 divitiis

181 2254 308 2321 superet
336 2254 391 2306 aut
418 2256 551 2322 aequet:
595 2259 665 2307 natu
701 2256 823 2322 gratum
852 2259 921 2306 esse
948 2241 1118 2309 insanienti

126 2428 129 2433 .
181 2357 336 2440 quicquid
361 2377 427 2425 non
456 2359 746 2438 repugne13quod
775 2377 850 2422 vero
883 2361 935 2422 vel
966 2360 1112 2440 superius

178 2489 230 2539 est
255 2476 307 2537 vel
337 2493 415 2554 par,
436 2473 498 2552 ipsi
532 2492 600 2535 esse
622 2473 801 2541 inimicum..
837 2474 946 2553 Itaque
976 2493 1013 2536 eo
1040 2493 1116 2551 con·

183 2589 311 2651 tendere
339 2601 514 2665 narrantem,
538 2598 574 2653 ut
595 2576 743 2651 aruasiu'ur
765 2587 875 2650 efficiat
895 2590 1046 2675 mollem²
1067 2592 1115 2672 ig-

183 2722 328 2782 navum,
373 2700 627 2795 effoerniuatunr,
660 2716 815 2780 egenum,
859 2701 1001 2774 excludat
1042 2722 1115 2769 eum

182 2820 337 2897 bonorum
357 2816 608 2899 consuetudine,
629 2818 691 2887 ὅθεν
718 2819 894 2909 illudam
911 2822 981 2902 ἀνὴρ
999 2824 1114 2912 ylm.

177 2956 237 3016 τη
281 2931 362 3000 unde
397 2937 533 2998 maxime
549 2998 552 3003 ,
569 2936 665 3021 possit
700 2936 753 3007 uir
778 2932 930 3000 evadere:
967 2937 1111 3015 excludat

180 3051 352 3119 eumadeo
375 3070 538 3132 arceatque
566 3053 680 3135 procul
710 3053 748 3117 ab
773 3072 881 3120 eorum
912 3028 995 3139 usu,
1027 3059 1111 3135 unde

180 3167 311 3232 maxime
337 3169 439 3249 possit
468 3169 591 3248 sapiens
621 3168 710 3253 fieri:
734 3144 820 3240 coito
842 3177 872 3241 δὲ
897 3178 915 3252 ἡ
940 3179 1003 3243 tela
1023 3185 1131 3258 tutan·

170 3287 276 3366 unpr'a
289 3288 438 3383 τυγχάνει
458 3287 508 3356 iu:
532 3286 569 3350 id
586 3302 691 3351 autern
704 3302 748 3350 est
761 3287 878 3357 ,diuina
892 3270 1110 3372 philosophia}

180 3417 247 3480 quo
277 3414 351 3462 sane
378 3399 488 3464 damno
514 3405 610 3486 majus
637 3403 828 3485 graviusque
859 3402 978 3467 homiui
1007 3400 1114 3479 inferri

178 3516 302 3597 nullum
325 3527 442 3596 potest.
464 3514 495 3557 (¹)
569 3498 583 3515 “
608 3534 630 3597 *2
677 3590 680 3597 Ι
1031 3589 1035 3595 ,

221 3608 385 3702 ὃεάᾞαηε
411 3632 549 3713 Socratis
578 3635 616 3702 de
636 3652 740 3701 aurore
765 3634 936 3701 orationem
959 3633 1003 3701 sic
1021 3635 1110 3704 intel·

398 3758 401 3764 '
1071 3757 1110 3824 li-

200 3852 256 3941 ’(ι)
277 3865 388 3921 rursus.
408 3869 456 3940 2³7
476 3893 508 3911 -
526 3865 573 3933 gar
598 3864 635 3916 u.
808 3868 832 3901 a

386 3978 391 3988 ,
644 3962 717 4050 64
836 3964 840 3969 ,
903 3962 906 3969 .
