2618 4680
616 249 728 310 e-'ab
749 271 797 295 ·-·

231 409 353 515 pariter
384 446 420 494 ac
451 424 591 493 maximis
621 421 836 507 explorandis:
871 421 990 502 quippe
1022 422 1078 504 qui
1107 422 1171 487 sibi

234 526 321 630 opus
354 541 579 628 proposuerit,
607 540 696 623 quod
719 538 764 604 sic
794 536 978 620 perliceret,
1005 550 1042 601 ut
1066 538 1170 619 quoad

219 663 304 746 ejus
322 661 355 726 in
378 662 434 726 hac
456 657 593 724 hominis
617 654 828 722 imbecillitate
851 653 919 719 fieri
939 654 1065 734 liceret,
1088 653 1170 719 desi-

234 779 394 844 deraretur
418 774 517 841 nihil:

237 931 240 937 ·
264 893 440 956 Nilactum
450 888 703 976 reputandum
715 886 794 974 quid
799 903 965 976 superesset
973 887 1140 974 agendum.

235 1006 334 1092 Quod
353 1020 454 1072 autem
469 1024 535 1071 non
557 987 688 1073 'secutus
715 1017 763 1068 est
782 1003 920 1086 prudens
943 1023 1016 1070 sanc
1036 1003 1170 1070 Valcke-

231 1121 314 1189 narii
339 1120 531 1204 consilium,
568 1135 633 1189 erat
655 1119 706 1186 hic
730 1119 785 1185 illo
812 1134 952 1203 tempore
981 1140 1169 1202 senescens,

229 1239 502 1323 'wyttenbachius
521 1256 595 1306 vero
624 1237 750 1320 inipso
768 1237 943 1324 juventutis
971 1239 1050 1303 flore
1072 1252 1104 1303 et
1122 1238 1171 1303 vi-

233 1373 332 1440 gore,
352 1370 389 1423 ut
417 1355 591 1440 susciperet
609 1353 726 1436 facile,
757 1355 846 1437 quod
866 1368 949 1421 aetas
979 1355 1173 1420 dissuaderet

233 1473 396 1541 maturior.
440 1474 513 1558 Ego
534 1491 612 1539 vero
634 1473 770 1539 admiror
793 1471 828 1537 in
851 1472 912 1537 hoc
942 1471 1012 1555 ipso
1042 1471 1173 1553 negotio

231 1588 296 1653 viri
335 1587 474 1652 studium
504 1602 535 1650 et
565 1591 707 1652 ardorem
744 1588 1077 1666 vehementissimum,
1115 1587 1173 1669 qui

232 1721 325 1782 non,
346 1715 383 1767 ut
405 1702 486 1766 levia
505 1700 650 1782 ingenia,
674 1701 755 1766 levia
772 1704 966 1782 susciperet,
989 1705 1045 1766 sed
1064 1719 1172 1768 natum

172 1866 175 1871 -
234 1818 428 1887 sesentiens
449 1818 489 1883 ad
510 1835 620 1900 magna
639 1817 744 1882 omnia
771 1832 804 1882 et
825 1817 1088 1901 praeclarissima,
1110 1818 1175 1882 dif-

231 1935 429 2005 ficultatibus
463 1953 530 2004 non
560 1934 808 2018 absterreretur,
860 1935 946 2002 hisce
973 1955 1049 2001 vero
1074 1934 1171 2016 magis

234 2055 328 2122 etiam
361 2055 546 2122 excitaretur
576 2054 616 2119 ad
652 2053 778 2124 insitam
812 2051 878 2119 vim
916 2071 1058 2118 omnem·
1079 2064 1177 2118 vasto.

234 2173 325 2254 operi
345 2172 563 2238 adhibendam.
605 2169 733 2255 Quodsi
752 2171 885 2251 legimus
904 2170 938 2234 in
958 2170 1062 2252 operis
1084 2187 1172 2250 prae·

192 2335 194 2338 >
231 2285 375 2369 satione,
410 2302 489 2368 quot
522 2300 721 2368 quantosque
754 2285 788 2350 in
821 2285 896 2366 his,
919 2304 997 2364 quae
1017 2283 1171 2366 perfecit,

232 2402 437 2473 exantlaverit
463 2402 604 2483 labores,
624 2399 772 2467 miremur
792 2419 866 2466 sane
890 2400 1096 2466 constantiam
1124 2400 1174 2464 vi-

234 2516 265 2583 ri
295 2533 327 2585 et
361 2518 583 2604 pertinaciam,
616 2516 679 2584 nisi
708 2517 883 2600 cogitemus
914 2518 1031 2600 simul,
1068 2538 1173 2585 amore

236 2635 326 2704 illum
349 2636 480 2702 ductum
501 2634 763 2716 sublevatumque
785 2632 885 2702 fuisse
906 2636 1086 2718 literarum,
1108 2636 1171 2706 imo

234 2753 376 2822 Platonis
400 2773 525 2835 amore,
555 2753 610 2836 qui
629 2753 675 2817 nil
700 2770 767 2817 non
787 2767 818 2816 et
839 2753 983 2834 profligat
1003 2768 1034 2817 et
1059 2753 1173 2820 vincit.

210 2844 212 2848 Α
279 2867 360 2932 Late
388 2869 514 2949 patebat
536 2865 774 2948 Wytteubachii
797 2868 960 2948 doctrina,
992 2870 1075 2934 haud
1106 2889 1172 2933 arc·

235 2982 375 3049 rioribus
406 2995 553 3046 contenta
578 2981 717 3064 finibus,
751 3003 843 3065 quam
875 2985 986 3068 ingens
1014 2985 1172 3052 Plutarchi

236 3084 505 3181 ostendisse,
528 3117 621 3179 quam
647 3117 686 3164 ex
708 3101 851 3185 universa
876 3102 1059 3185 antiquitate
1084 3101 1173 3173 illus.

234 3216 378 3284 arandam
403 3229 566 3281 sumserat.
609 3215 654 3281 Et
675 3218 781 3296 prouti
803 3219 1014 3304 Plutarchus,
1037 3219 1082 3287 sic
1104 3220 1172 3305 ipse

237 3354 305 3403 cam
328 3330 507 3399 mirabiliter
528 3329 617 3411 quasi
637 3327 845 3403 foecundabat
874 3337 1172 3420 commendabatque

232 3450 394 3540 judicandi
413 3446 608 3526 subtilitate,
629 3445 801 3514 disserendi
827 3448 1011 3534 diligentia,
1034 3454 1172 3518 scriben-

237 3566 403 3647 diordine
431 3581 463 3632 et
491 3565 654 3647 elegantia.
698 3564 847 3631 Criticam
873 3584 975 3638 autem
1008 3567 1053 3630 sie
1082 3567 1171 3629 insti·

237 3679 326 3759 tuit,
356 3695 394 3745 ut
426 3682 504 3764 quid
526 3680 624 3764 magis
654 3680 841 3749 admiremur
874 3681 1051 3747 dubitemus
1082 3678 1169 3763 fere,

234 3792 417 3870 interiorem
450 3796 588 3867 Graecae
613 3794 806 3880 Latinaeque
833 3796 956 3877 linguae
986 3793 1168 3886 scientiam,

1130 3932 1170 3978 an
