2618 4680
551 281 771 355 »qarob-eg
854 339 857 345 .
936 283 940 294 '

119 506 121 511 ,
190 442 260 530 usse
292 448 416 521 ducant.
435 448 599 530 uniuersae
625 449 810 539 philosophi
834 453 1014 539 doctrinae,
1035 466 1072 525 ut
1093 470 1133 531 ea

190 568 376 660 luxuriantis
405 566 521 648 ingenii
549 573 827 670 adrameriensem
859 570 1005 643 habeant.
1049 576 1124 660 Quo
1205 612 1207 616 >

189 704 250 771 nos
283 686 330 775 in
349 683 437 774 hisce
465 673 753 785 disquisitionibus!
780 687 910 784 ulterius
947 692 1128 773 progredIe-

189 825 280 897 mur,
303 822 340 869 eo
362 801 455 897 nobis
480 802 601 885 magis,
625 803 728 884 qualia
751 803 818 869 -sint
840 806 892 871 ilia
915 780 1049 889 piutita,
1072 827 1127 890 pa·
1229 793 1237 799 ’

189 914 280 986 tebit.
325 918 387 985 Hic
417 932 493 983 vero
518 920 580 1003 jam
609 917 911 1002 animadvertamus,
934 921 1065 988 fluxisse
1087 943 1126 990 err

188 1014 346 1123 qmatoriis
377 1035 465 1134 hisce
495 1016 694 1134 tentionibus
724 1019 1011 1122 praestantissimas
1041 1032 1129 1106 uete-v

188 1175 287 1242 rum,
313 1153 484 1245 inprimis
513 1154 816 1237 Peripateticorum,
839 1156 876 1219 de
906 1154 1041 1233 amicitia
1054 1157 1128 1221 dis.

189 1252 390 1355 potationes:
416 1291 547 1352 quarum
563 1273 609 1369 'ad
639 1274 815 1356 exemplum
844 1272 982 1355 scriptus
1000 1258 1127 1353 videtur
1205 1252 1207 1257 ⁵

189 1390 353 1478 §iceronis
378 1389 522 1457 Laelius.
566 1391 649 1460 Nam
677 1366 764 1455 amor
790 1392 874 1474 apud
894 1391 1075 1471 Platonem,
1098 1390 1128 1455 si

186 1506 237 1592 vis
256 1509 323 1595 ejus
343 1507 503 1601 quaeritur
525 1507 558 1572 in
580 1527 702 1572 morum
725 1508 891 1590 doctrina,
904 1508 1031 1593 proprie
1049 1508 1127 1594 arni·

184 1621 258 1712 ciria
279 1636 350 1702 est,
372 1610 561 1715 quamquam
581 1624 736 1706 ejusmodi
756 1623 830 1705 illa,
853 1639 889 1690 ut
900 1642 1023 1689 onmem
1036 1643 1125 1688 amoq

186 1738 230 1835 ris
250 1756 281 1806 et
301 1758 427 1809 sensum
448 1740 559 1815 habeat
577 1755 608 1805 et
625 1737 770 1806 affectum
795 1756 826 1808 et
847 1741 1123 1811 necessitudinem.

186 1857 335 1947 Amicitia
360 1873 578 1941 autemquam
609 1860 669 1924 late
699 1873 803 1942 pateat
828 1859 886 1942 per'
910 1874 1009 1928 totam
1030 1841 1125 1926 Vete-

185 1993 256 2045 rum
274 1992 341 2063 non
357 1958 479 2041 tantum
505 1975 652 2066 moralem
662 2021 678 2069 ,ἵ
690 1976 745 2039 sed
766 1955 928 2056 politicam
948 1976 1040 2045 etiam
1059 1978 1125 2043 dis·
1215 2019 1220 2034 ·

185 2089 356 2177 ciplinam,
387 2091 459 2183 quis
488 2089 613 2172 nescit,
636 2090 692 2174 qui
720 2090 851 2177 politica
872 2105 1039 2173 veterum,
1061 2073 1125 2177 ry-

185 2210 404 2294 tbagoreorum
427 2209 579 2298 maxime,
600 2209 714 2300 plaeita
744 2207 937 2292 perspexit?
959 2211 1049 2296 Quae
1068 2224 1131 2293 veq

181 2341 219 2394 ro
242 2328 281 2392 ab
301 2327 440 2407 antiquis
461 2324 645 2390 deamicitia
665 2296 779 2388 tradita
792 2339 869 2388 sunt
884 2345 920 2390 ae
942 2303 981 2390 de
1003 2302 1123 2410 gravisss

144 2487 146 2491 ψ
184 2443 272 2507 simis
298 2441 385 2505 hisce
416 2439 613 2524 disciplinis,
644 2441 805 2522 quomodo
830 2446 916 2506 tanta
936 2443 1015 2507 tradi
1034 2459 1065 2507 et
1088 2444 1123 2510 vi
1213 2520 1216 2526 ,

184 2574 216 2624 et
246 2558 451 2643 sublimitatq
467 2558 666 2640 potuissent,
706 2558 767 2622 nisi
802 2558 874 2641 puri
910 2560 1120 2642 coelestisque

145 2702 147 2706 ⁴
181 2678 296 2743 amoris
314 2692 317 2699 ’
335 2675 486 2742 sublimes
500 2675 720 2758 praeivissent
751 2675 977 2759 descriptiones
986 2678 1007 2744 ‘2
1049 2679 1120 2744 Nec

182 2795 272 2862 aliter
290 2785 528 2861 existimandum
542 2809 590 2860 est
610 2795 648 2860 de
669 2809 736 2861 tota
755 2773 958 2879 philosophia
975 2797 1117 2880 antiquat

181 2912 257 3000 Nisi
287 2897 474 2981 traductum
492 2911 524 2977 in
553 2932 618 2978 eam
643 2912 758 2978 fuisset
780 2913 936 2995 quidquid
957 2915 995 2980 de
1014 2934 1119 3001 amore

182 3033 340 3115 rebusque
380 3030 507 3131 divinis
527 3044 558 3096 et
595 3031 740 3098 humanis
781 3031 954 3098 cecinerant
984 3037 1118 3126 po'e‘toe,

182 3142 275 3230 plen'a
300 3150 356 3215 'illa
377 3165 461 3215 esset
489 3149 770 3216 subtilissimorum
793 3151 1039 3244 quaestionum,
1060 3151 1117 3233 sed
1137 3207 1141 3216 ,

180 3265 329 3350 frigeret,
360 3267 552 3351 attingent
583 3286 667 3333 nuno
701 3267 818 3352 scripta
855 3267 1131 3335 scholasticorum

179 3385 458 3468 philosophorum.
487 3386 609 3452 Platoni
640 3399 740 3450 autem
766 3383 899 3450 maxime
925 3385 987 3451 hoc
1006 3385 1118 3459 debuit

179 3502 401 3589 philosophia,
426 3503 618 3585 utantiquae
636 3522 770 3585 poeseos
791 3504 946 3571 etlumen
967 3517 998 3569 et
1014 3492 1114 3568 subli-

180 3623 316 3689 mitatem
336 3619 532 3703 susciperet,
559 3622 766 3705 jungeretque
793 3613 865 3686 c'um
898 3617 1045 3686 sensibus
1063 3638 1116 3687 ex·

128 3712 133 3717 ⁸
172 3739 272 3807 oelsis
293 3740 331 3805 de
350 3737 462 3821 pulcro
481 3750 513 3803 et
529 3739 642 3822 justo,
665 3738 857 3820 disquirendi
879 3738 1118 3826 disserendique

179 3852 397 3922 subtilitatem.
409 3854 544 3922 ›Primus
564 3855 898 3943 illefuitmortalium‚
918 3857 1024 3944 judice
1039 3859 1114 3927 Plu-

1053 3987 1114 4038 tar.
