2618 4680
575 204 749 280 ''⁵⁸97“

197 359 269 441 'aliis
304 389 334 438 et
364 374 601 456 pulcerrimum,
634 376 689 440 sed
718 375 780 441 sibi
803 377 971 459 ingratam,
1003 382 1128 467 quippe

176 507 262 556 ‘suo
294 506 386 573 captu
409 491 584 574 majorem?
607 492 681 575 Quo
710 493 807 574 magis
834 495 1015 562 admiramur
1044 520 1127 581 eos,

201 609 256 688 qui
283 609 314 672 in
335 605 480 671 tradenda
512 605 715 689 philosophia
744 590 829 672 hisce
860 628 925 675 non
955 612 1127 694 impediun-

197 741 250 791 tur
275 708 533 800 difficultatibus,
564 723 619 787 sed
648 722 717 788 sive
753 723 901 823 ingenio,
933 726 1002 790 sive
1030 729 1126 794 Vete-

195 862 263 908 rum
289 842 424 907 lectione
453 839 544 906 facile
573 860 623 905 eas
647 856 807 923 superant.

236 959 314 1024 Non
335 942 378 1024 ita
401 979 436 1023 se
458 942 550 1023 habet
573 956 778 1041 philosophia
796 960 953 1027 Platonis:
977 980 1034 1026 nec
1054 956 1129 1027 abs·

193 1090 288 1150 terret
311 1077 344 1141 in
376 1075 445 1159 ipso
464 1075 573 1156 aditu,
613 1089 643 1140 et
662 1094 836 1158 progressu
860 1077 958 1160 magis
977 1067 1122 1160 deinceps

192 1192 356 1273 magisque
383 1195 494 1275 placet.
533 1193 638 1279 Quod
654 1192 715 1279 ipsi
739 1195 829 1277 jum,
868 1191 900 1256 ni
931 1190 1044 1272 fallor,
1065 1195 1126 1261 hoc

192 1308 265 1373 loco
293 1308 480 1392 experimur.
531 1311 614 1375 Nam
642 1295 675 1372 in
701 1309 804 1376 medit
833 1308 887 1376 itta
915 1312 977 1396 jam
1008 1309 1126 1376 dudum

193 1430 377 1505 versamur,
399 1404 456 1490 nec
483 1406 697 1507 fuitstumen,
722 1428 811 1506 quod
846 1427 914 1491 sive
946 1416 1126 1493 difficultate

196 1539 264 1603 sive
299 1542 461 1623 ieiunitate
486 1559 545 1605 nos
579 1560 764 1625 magnopere
795 1542 959 1627 rejiceret..
1002 1543 1126 1630 Quodsi
1172 1564 1174 1569 ·

195 1657 235 1720 de
260 1676 429 1739 progressu
461 1657 603 1738 quaeris:
625 1658 691 1722 noli
722 1648 888 1725 dubitare:
920 1660 1123 1743 respondebit

155 1778 158 1783 ’
192 1771 245 1836 ille
262 1773 439 1855 principio,
461 1762 550 1854 im0,
573 1786 823 1856 argumentorum
840 1775 1010 1856 suavitate,
1034 1797 1122 1861 prae-

190 1889 285 1957 stabit
313 1889 416 1965 etiam.
461 1878 543 1956 Num
576 1891 738 1973 explorati
767 1892 952 1974 philosophi
989 1894 1029 1957 de
1056 1893 1122 1957 uni·

189 2024 242 2073 mo
264 2007 440 2086 sententie,
464 2006 549 2087 gravi
570 2026 644 2071 sane
661 2007 715 2072 ino
741 2016 772 2069 et
799 2010 946 2086 excelsu,
969 2002 1042 2072 hinc
1064 2027 1123 2073 no·

189 2126 240 2194 bis
270 2131 333 2213 jam
370 2128 538 2211 deinceps,
575 2143 734 2209 tamquam
770 2147 787 2191 a
819 2124 947 2191 sublimi
986 2123 1121 2208 quodam

187 2221 370 2331 theutmire,
392 2244 426 2309 in
453 2244 704 2310 amoenissimum
732 2233 981 2309 descendendum
1004 2256 1052 2308 est
1072 2240 1121 2307 lu-
1204 2261 1207 2268 ·

184 2385 256 2430 cum
289 2364 327 2428 de
354 2385 460 2428 artiore
490 2359 653 2429 et'amoris
682 2331 873 2448 disciplina,
897 2339 961 2440 quo
988 2359 1121 2426 maxime

185 2484 270 2565 epus
300 2451 460 2544 pasionem
489 2479 668 2541 continetur
687 2477 890 2557 philosophia
921 2477 1036 2556 pulcri.
1051 2474 1098 2540 (¹).

338 2679 341 2684 Ι
907 2589 949 2678 f
1001 2624 1005 2630 ·
1051 2591 1118 2656 Sci-

209 2695 270 2778 ’(ι)
291 2705 335 2754 De
358 2722 448 2754 amore
479 2699 616 2769 principes
633 2709 695 2753 sunt
718 2688 838 2757 Plutonis
857 2702 912 2753 loci
938 2702 967 2752 in
996 2702 1119 2755 Phaedro

189 2803 217 2847 et
248 2794 342 2862 Syrnp.
370 2810 437 2860 quos
464 2794 557 2846 aetatis
577 2792 770 2844 ruderatione
804 2791 935 2858 explicuit
961 2791 1071 2867 Ficinns
1091 2793 1119 2843 in

187 2887 215 2936 iu
243 2903 339 2937 comm.
361 2883 393 2934 ad
417 2883 511 2952 Symp.
531 2891 558 2934 et
577 2882 650 2949 Opp.
680 2882 744 2933 Vol.
766 2881 806 2933 ΙΙ.
823 2898 852 2950 p.
871 2884 931 2952 289.
951 2880 993 2934 De
1015 2884 1118 2935 enthu-

185 2977 286 3026 aimrmo
309 2973 407 3023 amoris
429 2972 464 3023 Vr
484 2971 601 3024 Hunsch.
619 2972 652 3022 de
680 2965 860 3023 enthtrsiasmo
872 2969 1019 3024 Platonico.
1038 2970 1116 3038 Lips.

187 3065 263 3134 1716.
278 3064 321 3115 (if.
340 3062 426 3114 Ficin.
446 3062 498 3129 Ep.
523 3064 557 3114 L.
584 3061 733 3132 1.p.598.
762 3062 866 3114 Locum
886 3063 919 3114 de
934 3065 1031 3133 pulcro
1053 3081 1114 3116 cum

184 3151 228 3202 nn
249 3152 362 3218 dialogis
383 3153 509 3203 tractavit
531 3138 626 3214 unio,
647 3158 704 3202 tum
731 3151 813 3218 supp,
837 3155 899 3220 maj.
929 3171 960 3204 ac
987 3152 1112 3204 tunimo.

186 3240 243 3314 ¹Sed
257 3240 385 3291 Philebus
398 3241 508 3305 proprie
527 3241 559 3289 ad
569 3240 655 3291 ideam
667 3243 729 3292 boni
746 3241 862 3293 refertur
879 3256 909 3294 ne
925 3242 1038 3291 nobisin
1047 3243 1116 3309 phi·-
1186 3281 1188 3285 ,

178 3327 389 3396 Iosophiajucri
405 3329 606 3380 memorabitur.
621 3328 798 3382 Praeclare'de
810 3349 841 3381 eo
854 3324 1075 3398 egeruntBbclrh.
1087 3328 1123 3379 in·

176 3412 311 3469 Philoleo
323 3410 505 3468 etstallbaum
522 3419 550 3470 in
567 3420 634 3482 elit,
656 3421 822 3474 Sententiam
839 3420 958 3469 Platonis
974 3417 1007 3467 de
1020 3416 1117 3484 pulcro

184 3505 316 3574 explicuit
326 3503 351 3554 Τ
352 3521 481 3556 cunamen
489 3507 561 3575 Syst.
574 3511 638 3564 Vol.
649 3514 698 3564 [V.
710 3531 737 3577 p.
748 3512 807 3562 263.
821 3508 928 3574 Scripta
940 3505 1071 3557 Veterum
1083 3501 1118 3556 de

178 3598 236 3649 hoc
248 3601 419 3662 argumente,
434 3603 463 3646 nt
482 3595 603 3652 isocratis
616 3637 625 3666 ,
636 3603 735 3653 Dionis
742 3594 842 3668 Chrys.
856 3609 865 3662 '‚
878 3594 1009 3659 Luciani,
1024 3594 1115 3646 Ploti-

176 3688 235 3747 mi‚
254 3684 346 3736 Procli
362 3692 486 3736 accurate
498 3690 633 3741 recensuit
649 3691 800 3742 Creuzerua
811 3689 842 3737 ad
862 3688 932 3738 Plot.
953 3687 985 3736 de
1008 3686 1116 3752 pulcri·-

185 3773 279 3825 tudine
296 3792 355 3826 cum
371 3775 399 3825 in
418 3774 514 3843 Praep.
532 3784 590 3829 tum
606 3780 634 3830 irr
648 3786 790 3832 comment.
812 3779 856 3827 De
874 3776 999 3836 artibus,
1026 3773 1115 3851 inari..

177 3878 235 3918 πω.
257 3860 290 3914 de
305 3866 414 3918 -musiea
437 3866 492 3936 egit
519 3847 600 3921 Plelo
623 3870 652 3919 in
683 3868 777 3935 primis
801 3869 868 3937 liep.
892 3860 1007 3920 ltin.
1030 3867 1114 3933 [κη.

635 3959 714 4053 (3⁴
942 3953 949 3961 ·
1072 3952 1114 4022 ri.
