2618 4680
539 242 591 271 *—
612 224 738 287 'rats-⁶

182 402 185 411 '
220 385 300 465 Non
337 389 505 477 universe,
539 395 665 476 inquit,
702 379 871 463 laridandus
890 378 894 385 ¹
912 412 961 465 est
998 408 1107 489 amor,

182 504 393 597 quodmodo
427 512 588 579 commisit
624 513 807 594 Plraed'rus3
847 498 904 579 sed
937 517 1110 605 aremari

178 630 418 712 distinguendus
439 644 488 696 est
510 632 677 710 Uranius,
700 631 837 696 Uraniae
854 632 986 696 Veneris
1001 646 1109 697 comes

179 754 210 813 et
240 750 375 832 adjutor.
420 748 656 828 Nemeorum,
691 726 775 828 'quae
803 765 935 831 agunrer
963 748 1042 812 nihil
1065 761 1113 811 est

178 866 283 948 ipsum
312 869 363 930 vel
394 866 560 930 honestum
588 866 639 930 vel
661 868 773 947 turpe,
795 865 892 931 veluti
922 882 1004 946 qarae
1029 880 1115 929 nunc

180 985 326 1066 agilum,
349 984 478 1066 bibere,
501 1004 629 1065 canere,
652 983 814 1076 colloqui3
838 985 892 1049 sed
907 984 1025 1063 moda,
1047 998 1115 1063 quo

182 1120 219 1166 ea
248 1082 466 1184 instituimus,
497 1122 535 1167 co
568 1104 619 1167 vel
649 1086 783 1166 honesta
811 1100 892 1164 fiunt
911 1101 962 1163 vel
996 1099 1113 1181 turpia.

185 1217 241 1284 Sic
270 1238 426 1301 amorem,
455 1238 521 1284 non
543 1237 665 1284 omnem
693 1232 822 1299 oportet
847 1214 1027 1294 celebrare,
1045 1215 1118 1279 :sed

164 1338 257 1402 'eum
284 1336 396 1417 unice,
440 1337 495 1419 qui
521 1356 620 1400 amare
657 1353 716 1399 nos
738 1334 840 1418 -jubet
868 1333 1014 1397 honeste.
1058 1330 1120 1396 Est

187 1456 290 1516 tutem
315 1451 500 1534 huittsmodi
529 1453 605 1530 ille,
627 1437 675 1515 ut¹
695 1468 762 1514 non
791 1467 917 1532 peragat
943 1446 1121 1531 promiscue

191 1546 407 1648 quodcunque
436 1567 587 1632 labuerit:
612 1587 690 1650 quae
705 1567 842 1650 vulgaris
863 1582 915 1632 est
943 1565 1058 1631 amoris
1074 1586 1121 1631 rt-

191 1685 252 1750 tio.
294 1684 375 1750 Nam
405 1687 518 1766 vulgus
542 1685 690 1749 foeminas
710 1677 795 1748 item
827 1699 907 1749 amat
941 1669 975 1750 et
1001 1684 1122 1766 quaerit

188 1801 436 1882 apertissimas,
459 1798 537 1882 quo
551 1799 675 1867 facilins
692 1801 836 1867 libidines
862 1804 997 1884 expleat.
1021 1804 1122 1867 Amor

184 1931 262 1983 uero
284 1918 419 1984 Uranius
450 1933 584 1983 mentem
615 1922 716 1984 multo
740 1904 865 1998 magis,
887 1938 980 1998 quam
1004 1908 1122 1997 comus

188 2035 337 2118 ¹respicit:
361 2036 482 2116 quique
503 2054 540 2098 eo
563 2035 743 2116 ducuntur,
766 2033 979 2096 adolescentes
998 2048 1122 2112 amant,

190 2152 257 2216 don
291 2150 466 2233 foeminas,
502 2151 619 2234 quippe
651 2151 706 2233 qui
737 2154 849 2216 natural
883 2164 959 2228 sunt
984 2150 1128 2233 philoso-

190 2269 282 2352 phiae
309 2271 459 2353 aptiores.
504 2260 637 2336 Difficile
656 2287 705 2336 est
726 2270 760 2335 in
785 2272 842 2335 hac
864 2283 973 2335 nostra
997 2268 1126 2335 civitate

188 2387 249 2451 'rite
275 2383 426 2467 definire,
459 2387 595 2468 quidde
622 2408 726 2452 amore
749 2401 886 2451 statuant
909 2390 1006 2467 leges.
1041 2389 1124 2452 Nam

190 2503 316 2568 favetur
343 2502 541 2580 amantibus,
572 2503 637 2565 imo
664 2504 851 2568 conceditur
878 2503 963 2581 illis,
987 2489 1032 2565 'ut
1062 2522 1127 2568 ser·

193 2617 283 2680 viant
312 2616 403 2678 aliis:
429 2616 517 2694 quod
548 2616 581 2678 in
607 2618 737 2679 caeteris
766 2616 860 2680 rebus
876 2618 1045 2696 ,summum
1079 2634 1144 2683 est,

196 2732 354 2796 dedecus:
379 2744 409 2793 et
428 2743 558 2810 contra,
582 2730 655 2794 filiis
682 2732 880 2814 paedagogos
907 2731 1053 2796 adhibent
1075 2751 1128 2815 pa·

197 2862 324 2930 rentes,
365 2848 420 2930 qui
458 2863 587 2913 caveant
615 2866 655 2914 ne
691 2868 761 2914 cum
794 2848 863 2914 aliis
893 2851 1125 2930 colloquantur.

195 2970 258 3036 Sed
275 2967 417 3049 quamvis
436 2967 612 3048 contraria,
633 2967 839 3034 conciliantur
864 2969 938 3033 hacc
958 2967 1125 3051 facillime,

196 3088 225 3151 'si
249 3087 399 3152 Uranium
429 3105 564 3151 amorem
585 3106 602 3151 a
622 3086 742 3168 vulgari
762 3086 1007 3154 distinxerimus.
1030 3090 1126 3153 Hunc

187 3199 380 3283 fugiendum
410 3221 595 3284 censemus,
618 3216 654 3268 ut
678 3206 788 3270 malum
812 3205 1056 3288 gravissimum,
1090 3206 1127 3266 il·

198 3318 261 3381 lum
282 3319 553 3399 commendamus,
574 3334 609 3384 ut
623 3321 734 3387 virtuti
750 3337 1004 3387 consentancum.
1029 3320 1127 3384 Amo·

198 3430 242 3496 ris
275 3430 354 3495 enim
378 3433 480 3497 eadem
502 3450 548 3501 est
571 3457 605 3502 ac
632 3438 760 3503 virtutis
789 3437 880 3501 rati0.
903 3429 905 3433 ’
926 3435 1128 3520 Quicumque

140 3538 142 3545 ’
197 3549 334 3632 aliquem
365 3549 445 3615 colit·
468 3551 523 3618 hac
549 3566 627 3636 spe,¹
651 3570 687 3619 ut
715 3555 781 3636 ejus
812 3550 1040 3618 consuetudine
1066 3574 1129 3619 me·

196 3669 257 3733 lior
297 3667 350 3732 fiat
388 3684 419 3731 et
454 3668 645 3750 sapientior,
686 3668 841 3733 laudatur.
886 3665 1034 3735 Similiter
1072 3672 1128 3754 qui

200 3785 388 3865 gratificatur
409 3785 520 3868 alteri,
552 3800 587 3850 ut
610 3785 726 3851 virtute
754 3784 986 3873 progrediatur,
1019 3787 1127 3874 quam-

529 3920 531 3925 ’
1076 3922 1127 3968 vas
