2618 4680
620 142 798 231 *33-

240 364 277 413 ae
295 348 483 429 oculorum,
505 346 644 414 fallacem
671 351 793 416 aurium
823 360 1080 430 caeterorumque
1104 360 1180 408 sen*

238 484 332 531 suum
363 466 616 550 perceptionem:
641 469 800 549 suadens,
825 482 861 532 ut
881 465 1018 533 discedat
1046 461 1087 528 ab
1110 461 1181 529 bis·

237 600 297 664 ce,
319 599 474 668 quatenns
504 584 543 648 iis
573 585 620 650 uti
650 604 716 652 non
740 585 852 652 debeat
876 580 1077 662 necessario,
1098 581 1180 646 hor·

237 715 399 785 canaque,
421 716 457 766 ut
480 720 513 767 se
539 716 667 768 revocet
690 703 723 769 ln
751 722 786 769 se
805 702 908 785 ipsum
936 717 967 767 et
986 697 1178 781 recolligat,
1258 734 1261 743 ·

237 837 340 900 neque
369 818 426 883 ulli
450 817 543 885 fidem
570 819 682 887 habeat
707 835 924 905 praeterquam
956 815 1178 900 sibimetipsi,

237 933 268 1001 si
288 934 367 1018 quid
385 935 491 1022 ipsum
512 956 569 1020 per
590 939 712 1022 seipse
731 957 787 1023 per
806 956 842 1003 se
863 936 1056 1020 perceperit:
1079 932 1180 1016 'quae-
1240 967 1243 972 ·

240 1071 367 1136 cunque
385 1073 461 1121 vcro
481 1056 617 1138 penalia
646 1054 913 1136 consideraverit,
946 1072 1026 1137 quae
1051 1051 1085 1117 in
1104 1051 1180 1118 rliis

238 1170 299 1237 alia
319 1186 416 1255 sunt,
438 1173 552 1238 borum
578 1173 658 1240 nihil
687 1173 845 1240 existimet
871 1192 1001 1239 verum:
1025 1171 1102 1237 haec
1121 1189 1180 1237 au·

234 1303 299 1356 tem
328 1311 421 1373 esse,
445 1312 525 1374 quae
553 1292 655 1359 oculis
689 1293 902 1375 sensibusque
930 1304 1062 1375 patent,
1089 1291 1180 1371 quod

238 1420 341 1471 autem
363 1408 431 1490 ipsa
454 1409 579 1491 cernit,
602 1413 671 1479 sola
700 1424 804 1476 mente
831 1408 965 1494 percipi.
989 1409 1021 1455 <¹³
1064 1407 1180 1492 Itaque

187 1536 194 1547 ·
237 1521 377 1588 abstinet
404 1525 592 1610 philosophi
615 1529 736 1593 animus
759 1526 1000 1610 voluptatibus,
1022 1523 1181 1608 cupidita·-

236 1638 328 1726 ribus
359 1654 391 1706 et
412 1642 516 1722 quoad
542 1643 609 1727 ejus
630 1643 697 1708 fieri
723 1656 853 1725 potest,
876 1641 962 1706 omni
982 1638 1122 1720 affectu,
1146 1637 1182 1705 id
1257 1683 1260 1688 -

239 1755 572 1842 inprimiscavens,
594 1775 634 1824 ne
664 1759 703 1824 de
726 1742 874 1824 sensuum
892 1750 1013 1844 judicio
1048 1776 1099 1823 res
1128 1755 1181 1823 di·

231 1875 397 1963 judicans,
433 1853 521 1959 quod
551 1877 601 1942 his
630 1879 753 1962 placet,
786 1897 919 1958 verum,
951 1876 1040 1958 quod
1065 1875 1180 1960 displi-

236 2008 311 2073 cet,
333 1992 448 2058 falsum
475 1993 598 2059 babeat.

279 2107 420 2173 Omnino
453 2111 492 2173 ad
516 2110 664 2174 virtutem
693 2110 841 2192 vitaeque
861 2109 1056 2176 sanctitatem
1076 2111 1176 2177 addu-
1268 2094 1271 2099 ⁵

156 2243 158 2246 ’
230 2222 276 2291 cit
295 2225 500 2309 philosophia
517 2227 682 2310 Platonis3
707 2229 764 2293 sed
789 2228 936 2294 sanctitas
961 2228 1013 2294 illa
1036 2244 1175 2295 nonest

230 2343 508 2427 anachoretarum,
531 2347 588 2412 sed
613 2346 888 2436 philosophorum,
911 2347 967 2428 qui
995 2349 1173 2434 sapientiae

229 2462 370 2529 student.
416 2462 514 2550 Quod
542 2463 684 2530 studium
712 2482 779 2529 non
803 2464 898 2550 hujus
921 2463 1006 2528 vitae
1026 2462 1172 2530 termims

229 2577 361 2662 delinit,
384 2583 440 2647 sed
460 2583 585 2650 futurae
606 2582 763 2666 inprimis
792 2583 874 2647 vitae
899 2578 1063 2665 proprium
1087 2581 1171 2648 exis·

228 2694 330 2760 rimat.
374 2697 589 2778 Philosophos
614 2697 735 2760 inducit
753 2697 800 2760 sic
822 2716 928 2761 secum
952 2697 1087 2762 invicem
1104 2699 1172 2765 dis·

227 2822 396 2894 putantes:
428 2812 577 2890 quamdiu
606 2811 639 2873 in
670 2831 804 2894 corpore
835 2814 1052 2893 versabimur,
1081 2834 1173 2881 com·

224 2908 407 3004 mixtusque
439 2926 497 2989 crit
526 2926 588 2991 hoc
620 2929 703 2993 malo
725 2941 757 2992 et
780 2929 924 3009 pollutus
945 2931 1071 3002 animus
1092 2951 1172 3009 nos-

223 3054 295 3124 ter,
326 3057 498 3124 numquam
528 3045 619 3112 nullo
641 3047 738 3112 modo
766 3046 893 3128 assequi
915 3047 1011 3112 nobis
1035 3050 1168 3134 licebit,

226 3163 315 3247 quod
342 3161 530 3247 expetimus.
578 3169 680 3247 Φαμὲν
708 3169 738 3233 δὲ
760 3171 847 3232 τοῦτο
878 3162 952 3233 εἶναι
983 3170 1019 3234 τὸ
1044 3174 1168 3248 claudier

219 3280 288 3349 Hoc
310 3296 415 3354 autem
442 3301 503 3348 csse
529 3278 662 3346 dicimur
682 3301 836 3346 aarum.
861 3277 893 3325 (ἢ
926 3268 1017 3347 ¹Mori
1047 3284 1168 3353 iccirco

220 3399 381 3482 cupiunt:
415 3411 481 3462 tum
509 3397 617 3479 eninr,
651 3396 821 3479 inquiunt,
843 3398 917 3484 puri
944 3399 1169 3481 immunesque

213 3530 368 3597 ,sensuum
400 3516 611 3601 corporisque
642 3516 838 3600 dementiae,
866 3536 939 3597 cum
961 3514 1100 3603 talibus,
1124 3535 1165 3585 ut

328 3684 347 3700 ..
1016 3718 1020 3725 Ι
1081 3637 1165 3714 ‘con-

257 3758 298 3833 (ι)
320 3754 464 3814 Phaedone
480 3782 507 3832 p·
527 3766 563 3820 85
581 3771 615 3822 A.
691 3771 732 3841 (a)
753 3766 839 3823 mou
857 3783 885 3832 p.
906 3765 990 3821 6613.
1086 3791 1092 3817 '.
