2618 4658
569 190 750 306 „aa

186 415 260 483 ferr.
287 414 352 483 Sed
376 413 522 485 Socrates
546 421 633 505 apud
651 422 810 505 Platonem
830 422 878 489 sic
895 423 1059 506 disputat,
1081 428 1121 487 'ut

178 534 390 623 philosophum
417 535 511 603 nobis
544 536 672 619 audire,
704 557 769 605 nou
796 540 984 609 sacerdotem
1011 537 1122 609 videa.-

184 670 267 718 mur.
297 654 460 737 Supplicia
485 670 657 736 memorat,
689 655 806 737 quibus
829 670 1023 721 mortuorum
1051 653 1121 720 affi-

183 767 311 836 ciuntur
328 771 443 850 animi;
466 771 523 836 sed
544 775 658 840 malum
685 773 778 839 habet
802 772 1038 856 gravissimum,
1060 791 1121 838 cud

181 888 235 971 jus
266 887 359 953 animi
393 887 519 955 sibimet
552 889 616 975 ipsi
642 905 786 956 auctores
814 906 911 972 sunt,
939 887 1136 973 faisa'opiae

182 1005 268 1085 nari,
298 1024 373 1071 vera
404 1006 569 1091 ignoraret
601 1007 647 1075 sic
678 1007 760 1073 enim
786 1027 840 1072 eos
870 1007 949 1089 quid
972 1027 1045 1074 vere
1074 1005 1121 1072 sit

181 1124 349 1206 pulcrum,
377 1145 453 1192 rere
479 1126 522 1193 sit
546 1126 664 1192 bonurn
687 1141 719 1191 et
741 1127 884 1211 justum,
903 1143 968 1191 non
986 1124 1132 1207 videm·

181 1259 278 1324 prava
305 1261 382 1307 vero
411 1243 557 1325 persequi
599 1243 705 1327 specie
741 1243 914 1327 deceptos,
954 1242 1057 1324 iisque
1075 1260 1121 1307 -se

183 1359 311 1426 reddere
335 1360 473 1426 similest
497 1380 577 1443 quae
594 1361 726 1427 maxima
751 1375 800 1426 est
817 1378 929 1444 poena.
951 1357 982 1402 (θ
1025 1359 1126 1425 Εοῃ·’

180 1610 249 1656 rum
286 1609 432 1656 censores
468 1593 554 1657 omni
588 1606 729 1676 tempora
760 1592 1026 1681 pronunciaruntt
1061 1591 1120 1657 scd

179 1706 342 1798 subjungit
363 1708 465 1788 idem,
488 1708 537 1773 his
556 1708 692 1774 animum
717 1709 863 1792 impediri
886 1708 1118 1792 potissimum,

180 1823 349 1907 quominus
380 1843 485 1889 veram
508 1837 614 1897 cernat
636 1823 807 1904 virtutem,
831 1843 929 1906 seque
945 1824 1050 1906 ipsum
1076 1826 1136 1891 ad·

180 1943 247 2028 ejus
279 1942 455 2025 exemplum
496 1941 649 2007 emendet.
700 1941 752 2008 De
786 1940 928 2007 moribus
956 1941 1121 2023 ¹loquitur

182 2072 213 2123 et
236 2058 302 2124 vita
329 2057 409 2123 bene
436 2057 649 2138 instituenda,
671 2058 728 2122 sed
752 2055 897 2123 hortatur
922 2054 955 2120 in
979 2055 1117 2140 primis,

179 2191 215 2240 ut
239 2195 347 2242 verum
375 2176 555 2240 studeamus
585 2190 793 2270 cognoscere:
817 2173 879 2238 hoc
900 2173 981 2239 enim
1007 2175 1119 2259 cogni·

177 2305 232 2371 to,
263 2305 376 2373 sponte
401 2308 462 2355 nos
486 2287 591 2355 videre
618 2289 697 2372 quid
724 2291 930 2374 expetendum
955 2289 1016 2372 sit,
1040 2291 1118 2375 quid

176 2403 372 2489 fugiendum.
434 2405 491 2471 Illa
526 2403 767 2488 sacerdotibus,
796 2404 872 2470 haec
912 2405 1117 2491 philosophis

178 2539 252 2591 sunt
270 2523 409 2608 propria.
454 2524 538 2590 Nam
565 2522 744 2589 sacerdotes
765 2542 822 2611 eos
839 2542 952 2590 vocare
972 2523 1116 2608 impuros

180 2645 342 2729 solebant,
370 2642 426 2728 qui
451 2643 519 2709 suis
537 2641 714 2727 praeceptis
734 2640 818 2706 haud
843 2640 1114 2725 obtemperaretur

178 2762 411 2846 praecipiebant
428 2776 531 2828 autern
551 2781 606 2842 ea,
630 2780 710 2842 quae
728 2759 879 2825 divinitus
899 2757 1119 2826 existimaban-

177 2890 230 2939 tur
257 2897 330 2940 vera
352 2894 383 2942 et
406 2880 512 2961 justa:
543 2877 599 2940 sed
614 2875 835 2958 philosophiae
862 2891 909 2943 est
928 2879 1117 2964 inquirere,

178 2989 256 3070 quid
271 3010 379 3056 verum
404 2991 465 3074 sit,
486 2992 563 3074 quid
579 2993 723 3075 justum,
745 3012 803 3059 nec
824 2995 995 3078 quidquam
1016 2991 1119 3062 habet

177 3103 367 3189 antiquius,
406 3127 499 3189 quam
541 3110 720 3193 inquirendi
763 3112 893 3195 verique
926 3112 1120 3194 assequendi

177 3243 374 3293 summovere
396 3223 627 3309 impedimenta.
672 3229 754 3296 Sunt
779 3249 881 3294 aurern
909 3228 962 3294 ilia
989 3227 1024 3293 in
1049 3229 1121 3314 pri-

177 3344 237 3412 mis
273 3363 418 3426 sensus‚¹
443 3345 646 3427 voluptates,
674 3345 822 3426 dolores,
855 3345 997 3412 timores.
1051 3328 1119 3415 His

178 3463 330 3546 remotis,
353 3463 473 3529 animus
500 3461 533 3527 in
561 3481 648 3528 suam
677 3482 712 3528 se
742 3462 880 3531 vindicat
913 3463 1116 3544 libertatem,

1062 3576 1117 3644 ul·

212 3755 262 3828 (ι)
279 3761 390 3816 Theaet.
409 3766 458 3835 176
475 3763 513 3819 D·
