2618 4680
543 266 739 342 2-187—2·

180 464 303 527 sacrae,
326 445 528 512 versabantur
556 446 588 510 in
615 445 795 529 mysteriis,
819 467 897 528 quae
915 453 1101 519 reconditam

177 564 379 629 continebant
409 563 602 642 doctrinam,
637 563 789 645 principia
824 565 1047 649 continebant,
1071 585 1107 636 ut

140 691 145 698 '
181 684 293 747 Cicero
318 681 381 760 ait,
404 681 529 744 vivendi
553 681 683 746 rationis
706 700 771 747 non
800 684 903 747 solum
931 703 1002 749 cum
1022 663 1109 750 laeti·

178 801 244 878 tia,
267 800 323 864 sed
351 797 440 863 etiam
464 818 535 863 cum
559 819 615 882 spe
641 798 768 864 meliore
789 797 954 866 moriendi.
979 798 1112 886 (0,ρυί-

179 918 239 995 bus
260 917 502 997 animadversis,
526 917 609 981 haud
641 916 846 998 mirabimur,
868 932 929 983 tam
961 909 1115 1005 praeclare

181 1034 211 1098 in
235 1035 296 1099 hoc
322 1053 465 1098 sermone
490 1034 659 1121 Diotimam
683 1037 721 1099 de
748 1034 921 1100 animorum
956 1035 1116 1105 idmona

179 1151 265 1215 litate
285 1151 445 1218 disserere.
488 1152 550 1217 Sed
560 1167 668 1233 pergat
679 1152 781 1243 divina
794 1153 924 1219 mulier:
964 1169 1030 1233 tota
1050 1155 1117 1238 ejus

182 1269 281 1340 matio
299 1269 519 1350 mysteriorum
541 1269 635 1334 nobis
657 1270 808 1335 rationem
822 1268 946 1336 referet.
956 1271 997 1315 Ψ)

187 1440 192 1450 t
225 1387 261 1450 In
270 1386 320 1451 lris
334 1387 457 1468 quidem
471 1389 627 1453 amatoriis
639 1388 758 1467 sacris,
774 1390 816 1452 mi
827 1391 971 1455 Socrates
982 1437 994 1469 ,
1006 1408 1041 1455 tu
1054 1378 1120 1460 fors

184 1519 266 1568 tasse
283 1502 398 1567 initiari
427 1503 552 1584 possis:
584 1506 622 1568 ad
651 1521 760 1585 magna
792 1523 866 1568 cero
889 1505 1056 1587 mysteria,
1078 1511 1121 1591 ela

183 1624 277 1690 elaea
294 1625 343 1688 ael
363 1625 532 1698 interruit,
556 1638 689 1699 quorum
713 1620 801 1683 etiam
819 1637 930 1684 caussa
941 1620 1014 1686 haec
1026 1612 1120 1704 sunt,

186 1751 330 1817 pateatne
349 1736 408 1801 tibi
431 1735 557 1816 aditus,
579 1735 686 1799 nescio
699 1719 829 1804 :dicam
842 1737 944 1820 ¹igitur
961 1755 1042 1820 ego,
1064 1755 1123 1801 nee

188 1854 357 1933 quidquam
378 1853 417 1938 ad
437 1868 468 1916 te
490 1853 698 1935 adjuvandum
720 1854 990 1934 praetermittamr'
1006 1871 1042 1918 tu
1069 1873 1124 1922 ve·x

189 1989 247 2049 s0,
279 1970 306 2034 si
333 1970 460 2049 possis,
490 1989 539 2031 me
570 1969 661 2047 sequi
696 1969 807 2032 nit‘ere.
863 1969 1000 2050 Oportet
1030 1972 1123 2051 eum,

188 2086 245 2166 qui
273 2101 354 2150 recte
380 2078 417 2147 ed
437 2083 479 2148 sit
499 2101 747 2169 progressurus,
771 2084 876 2148 statim
895 2105 912 2149 a
935 2090 1033 2167 puero
1055 2084 1126 2167 pul·

189 2224 241 2268 cra
272 2192 355 2268 adire
383 2220 537 2284 corpora:
582 2215 612 2265 et
641 2200 774 2283 primum
807 2201 955 2290 quidem,
989 2202 1016 2296 si
1048 2203 1126 2274 bene

190 2324 217 2386 is
240 2323 332 2386 ducat
361 2339 453 2400 quem
483 2318 644 2399 sequitur,
681 2335 778 2382 unum
810 2339 928 2382 amare
944 2335 975 2383 et
999 2323 1129 2402 pulcros

192 2439 238 2502 ibi
259 2412 418 2502 sermones
446 2435 591 2516 gignere:
616 2444 759 2513 reputare
780 2447 880 2495 autem
901 2434 1036 2514 deinde,
1058 2440 1128 2518 pnl-

191 2556 399 2639 eritndinem‚
447 2571 524 2633 quae
548 2548 677 2614 cuilibet
703 2548 831 2629 corpori
873 2548 973 2631 inest,
1002 2552 1129 2627 alterius¹

193 2671 397 2757 pulcritudini
425 2668 566 2751 corporis
595 2681 756 2749 cognatam
786 2685 877 2745 esse,
900 2681 952 2748 et,
975 2666 1131 2749 siquidem

100 2817 103 2824 ·
196 2789 342 2875 persequi
372 2789 496 2869 deceat,
526 2787 612 2867 quod
641 2784 744 2866 specie
774 2798 821 2848 est
845 2786 1013 2866 pulcrum,
1036 2802 1131 2859 unam
1202 2796 1205 2803 ·

1061 2920 1132 2967 ean·

235 3135 275 3200 (ι)
296 3132 338 3181 De
356 3131 422 3198 legg.
443 3129 482 3180 ll.
503 3128 542 3178 14.
563 3127 606 3177 Cf.
627 3125 713 3175 Isocr.
735 3123 830 3191 Pancg.
849 3141 876 3189 p.
897 3124 938 3178 24,

235 3223 276 3290 (a)
298 3219 432 3287 Equidem
452 3217 516 3268 haec
544 3217 581 3266 ita
603 3214 736 3280 exposui,
758 3221 787 3263 ut
814 3221 922 3263 exstant
939 3212 1010 3277 apud
1037 3211 1136 3277 Plelo<

199 3328 271 3361 nem.
305 3307 411 3377 Quodsi
430 3308 491 3375 quis
512 3314 643 3373 quaerat,
669 3320 733 3353 num
756 3320 848 3367 reapse
874 3302 912 3350 ita
935 3318 994 3350 cum
1023 3298 1135 3351 Socrate

202 3398 334 3451 eolloeuln
357 3398 392 3446 sit
403 3396 541 3458 Diolime,
561 3395 618 3460 ipse
639 3407 728 3442 sermo
745 3391 869 3442 dubitare
883 3405 933 3438 nos
948 3388 1136 3454 jubet,quip-

203 3507 237 3556 pe
257 3504 378 3555 magnam
395 3492 497 3551 partem
508 3483 586 3550 plane
600 3482 763 3534 Platonicus.
794 3478 852 3530 Nec
864 3483 951 3533 tamen
963 3482 1050 3526 totum
1060 3475 1136 3538 exisf

204 3579 327 3628 timemus
350 3575 452 3624 licium.
472 3571 558 3633 Nam,
579 3572 601 3621 si
619 3570 685 3638 quid
702 3567 803 3628 video,
824 3583 915 3616 sensus
935 3565 1050 3637 amoris,
1071 3580 1135 3615 sen-

205 3682 249 3718 sns
267 3668 331 3716 ilem
352 3662 506 3730 religionis,
528 3667 557 3711 ul
577 3657 622 3710 hic
642 3665 704 3709 sunt
721 3656 856 3722 expressi,
877 3655 909 3703 ab
929 3671 979 3704 una
996 3653 1136 3719 proiicisci

207 3775 280 3808 sacra
308 3753 438 3823 ejusmodi
458 3750 569 3802 muliere
583 3755 739 3815 potuerunt.
759 3745 796 3798 V.
811 3744 904 3797 Groeu
926 3743 1039 3810 i'rosop.
1068 3743 1139 3798 Prae.

208 3863 236 3914 p.
255 3843 295 3894 25·
314 3853 340 3894 ct
362 3840 446 3905 Wolf
459 3838 546 3907 praes.
566 3837 600 3887 ud
619 3836 712 3904 Symp.
