2618 4680
542 304 594 335 ⁸-
610 280 677 362 ¹10¹4
696 311 744 337 *a

184 457 316 538 ligemus
347 460 497 540 maxime,
532 471 569 529 itt
611 460 848 545 diligentissime
889 455 1122 522 adverterimus

186 589 289 637 mores
328 574 535 658 libidinesque
571 577 709 658 gentium
746 576 953 658 antiquarum.
998 574 1035 638 In
1064 573 1120 636 bis
1157 649 1159 654 ,

188 691 335 756 omnibus
362 693 523 758 obtinebat
555 712 654 760 amor·
671 695 773 775 turpis
805 712 836 758 et
862 692 1027 775 abjectus,
1061 687 1124 770 qui
1158 696 1161 700 ’

187 807 279 872 unice
302 809 514 875 contineretur
541 830 689 878 sensuum
711 787 952 894 voluptatibus,
975 808 1040 871 imo
1065 825 1124 871 na·

188 935 274 986 turae
296 941 483 1008 repugnaret
512 942 543 993 et
575 928 683 992 bestiis
712 929 789 992 adeo
814 927 958 994 viliorem
988 924 1124 988 efficeret

191 1038 361 1108 hominem.
406 1045 476 1110 Nec
509 1045 671 1110 obtinebat
701 1046 753 1110 ille
781 1061 902 1110 tantum
933 1045 966 1108 in
989 1043 1124 1108 rudibus

189 1171 222 1220 et
240 1160 415 1239 agrestibus
440 1163 640 1228 hominibust
663 1163 883 1227 dominabatur
905 1163 996 1243 plane
1017 1160 1052 1223 in
1076 1159 1125 1241 ip·

190 1276 235 1340 sis
257 1276 376 1360 sacris,
396 1279 430 1344 in
450 1268 541 1345 cultu
560 1280 698 1360 Bacchi,
720 1279 876 1358 Veneris,
898 1275 1018 1359 Priapi:
1037 1286 1127 1358 prae·

188 1391 277 1458 ibant
314 1398 512 1478 sacerdotes,
555 1386 767 1480 sequebantur
802 1395 925 1478 populi.
975 1394 1061 1459 Nam
1092 1407 1129 1469 ut

191 1509 288 1573 homo
308 1513 443 1592 primum
466 1514 613 1596 stupidus
639 1529 744 1580 estet
775 1515 902 1595 languet
924 1526 986 1576 tana
1012 1530 1129 1594 corpo·

190 1642 248 1705 re,
277 1644 368 1705 quam
397 1628 522 1693 animoa
554 1650 633 1711 quae
662 1631 802 1696 conditio
833 1629 895 1695 fuit
915 1630 1132 1712 Ichthyopha-

188 1759 304 1836 gorum
335 1758 367 1807 et
400 1743 688 1827 Truglodytarum‚
716 1764 747 1811 et
768 1761 817 1811 est
850 1746 1010 1829 hodieque
1044 1767 1134 1812 mors

192 1859 322 1942 talium,
346 1881 427 1944 quos
449 1862 544 1927 variis
564 1861 597 1926 in
618 1863 799 1946 regionibus
823 1877 854 1927 et
881 1864 956 1927 olim
985 1879 1017 1928 et
1042 1885 1135 1946 prae·
1176 1944 1181 1959 .

191 1979 322 2044 cedente
352 2000 430 2048 aevo
455 1996 637 2065 reperet-unt
664 1981 844 2064 Europaei:
882 1980 925 2075 ita
951 1981 1052 2062 prima
1084 1995 1136 2047 est

193 2101 374 2179 progressio
394 2102 433 2164 ad
449 2100 692 2176 humanitatem,
706 2112 742 2162 ut
760 2117 797 2161 ex
815 2099 878 2162 hoc·
898 2115 1015 2178 sopore
1031 2111 1064 2162 et
1087 2099 1137 2163 in·
1173 2142 1177 2153 ,

192 2217 330 2283 dolentia
360 2215 507 2296 evigilet,
537 2213 752 2296 appetitibus,
783 2212 1035 2297 cupiditatibus,
1067 2231 1138 2280 stu·
1170 2274 1174 2282 .

108 2358 110 2362 ’
192 2334 275 2416 diis,
296 2332 485 2398 libidinibus
509 2331 673 2397 excitetur.
718 2329 928 2416 Quamobrem
959 2330 1034 2395 dum
1066 2335 1139 2397 vul·

138 2466 143 2476 ’
193 2470 253 2533 gus
276 2449 431 2516 maneria
454 2447 563 2513 eodem
590 2461 745 2529 stupore,
774 2440 867 2532 primi
893 2460 967 2510 sunt
989 2449 1144 2514 sacerdo-

193 2583 265 2648 tes,
289 2567 344 2651 qui
369 2567 544 2650 evigilent,
573 2564 793 2647 voluptatibus
822 2565 995 2642 ducantur,
1017 2567 1141 2650 volup·

193 2701 293 2752 tatum
325 2686 460 2768 insignia
486 2699 517 2749 et
539 2684 602 2750 sibi
623 2699 653 2748 et
674 2683 802 2748 caeteris
830 2681 1022 2763 informent,
1046 2685 1141 2766 phal-

192 2808 243 2869 los
275 2817 306 2867 et
348 2803 461 2866 similia
494 2802 615 2882 populo
655 2813 864 2880 proponant,
908 2799 941 2863 in
987 2801 1142 2869 solemni·

193 2918 256 2982 bus
287 2917 414 3000 pompis
453 2916 528 2980 baec
578 2914 832 2995 circumferant,
873 2929 910 2980 ut
952 2915 1022 2981 fieri
1052 2925 1143 3004 apud

192 3033 369 3115 Aegyptios
401 3032 542 3111 solebat,
564 3031 597 3088 il>
619 3033 669 3095 vel
703 3032 858 3097 celebrent
887 3033 919 3097 in
949 3037 1142 3120 mysteriis,

194 3170 274 3233 quae
301 3148 494 3214 Graecorum
523 3164 586 3213 erat
610 3164 738 3214 vetusto
760 3170 837 3215 aevo
869 3153 1082 3220 consuetudo.
1109 3133 1148 3200 (ἦ
1189 3185 1192 3192 ·

194 3269 279 3335 Nam
306 3267 481 3332 sacerdotes
510 3269 604 3346 apud·
623 3268 715 3331 rudes
745 3266 852 3349 gentes
886 3288 950 3334 non
985 3288 1060 3335 sunt
1091 3293 1149 3341 sa·

194 3388 342 3471 pientes,
366 3387 474 3466 quales
495 3382 588 3447 nobis
611 3383 783 3465 dicuutur,
819 3387 874 3449 sed
903 3386 1037 3469 propius
1061 3410 1145 3474 pau·

195 3506 228 3581 lq
265 3503 393 3579 caeteris
428 3502 468 3586 ad
502 3499 683 3586 sapientiam
727 3519 952 3583 accesserunt,
994 3479 1145 3583 quamvis

1085 3643 1146 3691 ru-

197 3760 201 3769 .
237 3792 277 3859 (tl
298 3778 398 3850 Herod.
419 3799 516 3864 ,11.,c.
546 3798 590 3853 48.
667 3799 706 3869 (a)
727 3799 764 3863 V,
788 3799 873 3862 clem.
904 3792 983 3867 3¹⁸3·
1010 3793 1143 3867 promil·

198 3899 229 3958 p.
249 3881 281 3947 aa
308 3889 405 3969 atara·
435 3890 540 3954 Aruob.
558 3891 618 3946 adr.
637 3897 728 3969 gentes
749 3886 787 3947 '1¹0'
801 3883 836 3936 V·
855 3900 882 3950 Ρ·
911 3883 952 3953 73·
983 3881 1059 3955 Quae
1083 3888 1143 3948 Pa,

981 4011 985 4022 ·
1064 3987 1142 4050 ‘iulii
