2618 4680
566 291 613 320 -ι
637 287 694 352 ¹79
716 297 761 321 ‚m

162 466 163 473 ¹
188 455 261 505 vero
285 434 386 503 omnis
412 435 596 501 daemonum
627 454 735 502 natura
767 435 846 500 inter
864 439 967 505 divina
988 443 1022 503 'et
1037 456 1119 504 mur·

185 556 255 623 teliu
283 571 329 618 est
358 555 549 620 intermedie.
594 555 738 634 Ecquam
765 575 863 634 vero,
886 556 1033 636 inquam,
1056 555 1119 622 vim

184 672 323 736 habens?
347 679 520 754 Ἑρμιιεῦσι
536 675 585 739 uxi
605 677 810 756 δισσορθμεῡσι
832 677 902 747 θεοῖς
923 679 964 740 eei
983 681 1052 756 παρ’
1069 679 1122 742 eie·

185 793 327 872 essem,
350 793 402 859 uel
431 795 584 873 ἀνθρώποις
616 796 657 858 eei
687 795 769 872 πσρόι
797 794 884 864 θεῶν,
907 797 962 857 τῶν
986 795 1041 871 μὲν
1062 793 1119 864 σὸς

186 904 299 984 δεήσεις
322 905 373 973 eei
392 911 513 982 Αυσίιις,
536 916 591 974 ’σῶν
611 911 640 974 δὲ
661 911 717 980 veie
735 910 886 987 ἐπιτάξεις
905 933 940 974 σε
966 907 1016 973 κισ)
1036 886 1122 987 uiuos·

187 1027 249 1103 {ieie
282 1032 337 1090 siu
358 1026 469 1091 θυσιῶν·
491 1027 520 1090 ἐν
533 1027 615 1106 μέσῳ
626 1028 656 1091 δὲ
682 1022 710 1090 ὃν
737 1026 912 1107 mosim
935 1033 1120 1104 seuerissimi·

183 1141 239 1209 ὅςε
269 1144 315 1228 τὸ,
334 1146 394 1207 mie
427 1145 500 1208 uisi
524 1144 604 1223 ιιὺτῷ
638 1143 832 1219 ξιιδεδὲσθιιι.
877 1137 1063 1224 interpretis
1091 1150 1122 1202 ec

174 1258 341 1341 portitoris
383 1276 510 1319 munere
532 1256 714 1339 fungitur,
744 1270 780 1319 ut
815 1255 968 1319 huminum
998 1274 1046 1318 res
1079 1250 1125 1342 ed
1187 1288 1189 1295 1

181 1372 287 1450 Deos,
320 1373 461 1436 Deorum
497 1371 542 1435 ad
571 1373 703 1435 homiues
739 1373 962 1435 transmittet:
994 1365 1121 1433 illorum

179 1487 301 1572 quidem
321 1505 430 1574 preces
459 1504 488 1551 ee
514 1485 692 1568 sacrificia,
716 1487 826 1550 herum
853 1506 923 1553 sero
948 1498 1121 1572 praecepta

184 1618 213 1668 et
247 1603 472 1687 sacreficiorum
500 1608 789 1670 remunerationes:
818 1608 852 1667 ιἰι
879 1601 986 1667 mediis
1016 1615 1120 1667 autem

183 1726 327 1808 utrisque
361 1739 526 1802 uersatus,
560 1727 738 1788 uniuersum
770 1721 920 1806 complet,
955 1733 991 1785 ut
1020 1707 1120 1804 ipsum

182 1859 281 1906 secum
298 1844 361 1927 ipso
385 1857 600 1906 connectatur.

223 1952 325 2022 Semel
347 1959 478 2038 ingressi
495 1960 686 2038 praeclarum
710 1958 771 2020 hoc
790 1955 1003 2034 colloquium,
1032 1967 1121 2032 aegre

182 2073 386 2137 subsistimus
412 2075 552 2155 legendo,
597 2075 679 2138 Nem
700 2072 746 2136 sic
766 2085 954 2135 enarratura
972 2068 1121 2146 Socrate,

182 2203 217 2250 ut
241 2188 301 2270 ipsi
326 2194 399 2254 'cum
428 2189 567 2255 Diutima
592 2188 813 2255 sermocinanti
845 2186 944 2254 veluti
970 2185 1120 2251 interesse

181 2305 275 2369 uobis
295 2306 466 2373 videamur.
511 2306 756 2387 Verumtamen,
780 2323 815 2371 ut
835 2307 909 2371 haec
927 2319 957 2368 et
978 2286 1121 2386 proxima

179 2416 238 2486 rite
262 2424 495 2505 intelligamus,
517 2423 661 2487 nonnihil
687 2427 749 2488 hoc
780 2425 853 2487 loco
879 2422 1121 2485 animadverten-

179 2542 253 2605 dum
275 2541 410 2603 videtur.
454 2540 499 2603 Et
517 2538 651 2620 primum
678 2539 801 2618 quidem
827 2536 899 2601 hinc
923 2548 1008 2616 patet
1025 2550 1120 2598 naeu·

183 2655 385 2735 memoris,
418 2673 509 2736 quam
537 2673 711 2743 expressam
735 2657 798 2737 jem
826 2652 958 2716 vidimus
979 2651 1012 2714 in
1031 2651 1121 2715 Aris-

181 2772 329 2855 tophanis
357 2771 487 2850 sabuli,
522 2790 679 2854 quamque
715 2769 922 2851 ipsa'dcinde
958 2765 1134 2846 Diutime,

182 2889 288 2956 fabum
307 2891 473 2955 enarrandus
494 2889 532 2954 de
549 2889 642 2954 Penia
665 2903 695 2953 et
712 2889 815 2969 Poro,
839 2884 1011 2952 evidentius
1030 2884 1122 2953 etiem

181 3010 326 3072 declarat.
370 3006 421 3074 Ex
455 3005 631 3091 indigentie
644 3007 767 3086 oritur,
790 3024 855 3070 non
875 3005 929 3069 ius
952 3021 1044 3084 quam
1065 3003 1123 3070 Ci-

183 3141 256 3185 cero
283 3136 314 3185 et
337 3121 438 3186 Stoici
464 3122 719 3204 reprehendunt,
743 3123 898 3187 honorum
924 3136 955 3186 et
978 3117 1126 3203 pecunie·

183 3257 276 3316 rum,
309 3258 388 3318 quae
416 3253 482 3302 tote
502 3224 620 3304 *abesse
652 3240 689 3303 ab
730 3259 835 3306 amore
861 3254 892 3302 et
908 3237 1047 3314 ,amicitie
1070 3239 1123 3303 de·

186 3351 264 3432 bet,
285 3355 339 3416 sed
354 3374 391 3416 ex
410 3354 579 3435 indigentia
598 3372 723 3422 naturae
746 3372 883 3421 nostrae.
928 3355 1011 3419 Hinc
1034 3373 1120 3432 com·

185 3486 291 3548 parare
323 3469 416 3531 nobis
448 3469 620 3551 studemus,
643 3493 721 3552 quae
744 3471 944 3554 appetimus:
969 3467 1040 3535 hiu'c
1060 3487 1125 3536 stu·

185 3583 241 3649 die
261 3583 413 3664 praeclara
432 3586 557 3666 omnia,
580 3587 612 3650 in
628 3587 737 3667 primis
756 3589 855 3669 pulcri
880 3604 910 3652 et
929 3589 1022 3654 boni:
1047 3589 1120 3654 hinc

186 3713 295 3776 artes,
320 3697 435 3777 quibus
465 3703 587 3780 explere
616 3703 690 3765 haec
724 3703 826 3767 studia
857 3722 1026 3770 conamur:
1049 3704 1123 3769 hinc

114 3855 119 3864 ·
188 3813 256 3893 ipse
292 3815 368 3878 adeo
401 3816 503 3880 cultus
532 3796 703 3900 Deorum·
736 3837 804 3883 nam
824 3832 869 3883 ut
888 3819 1123 3906 uobismetipsis

188 3947 254 3997 non
283 3933 476 4014 sufficimus,
520 3935 563 3999 ita
592 3937 630 4002 ad
661 3936 749 4002 Deos
777 3933 976 4022 confugimus
1004 3958 1123 4021 eosque

631 4053 713 4121 Me
1073 4077 1122 4123 ro·
