2618 4680
543 224 744 297 uras&

175 397 337 468 orationis
357 411 452 463 cursu
475 407 506 462 et
537 392 627 477 quasi
653 390 782 459 flumine
801 394 943 479 procedit
961 392 1110 478 deinceps

181 519 322 585 Socrates
345 517 384 582 ad
411 511 575 594 furorem,
604 509 661 592 qui
688 510 788 577 amori
814 511 918 596 inest,
938 512 1115 581 contendit·

181 654 262 718 que,
290 641 340 711 ὥς·
352 639 400 703 ἐπ’
424 634 556 717 εὐτυχίᾳ
573 641 611 714 τῇ
625 632 744 713 cosmica
764 635 849 714 παρὰ
869 635 936 702 θεῶν
953 637 970 710 ἡ
988 635 1114 710 maaian

179 755 274 836 palla
296 755 421 820 δίδοται·
453 744 660 832 hujuscemodi
680 746 828 830 furorem
861 747 1030 815 hominibus
1053 765 1116 813 esse

179 887 202 932 a
220 867 295 932 Diis
311 864 357 932 ad
373 844 545 930 maximam
564 882 669 930 aarum
682 865 872 948 felicitatem
888 863 1013 932 mum.
1042 859 1115 932 Nos

180 1001 256 1048 uero
278 981 486 1047 subsistamus
506 979 556 1045 bic
578 979 749 1064 paulisper.

223 1100 307 1165 Nam
325 1098 411 1181 quod
429 1099 523 1164 modo
544 1097 584 1162 de
601 1096 715 1191 Pythia
731 1098 939 1180 memoravit,
959 1098 1116 1185 ejusmodi

181 1231 251 1297 est,
282 1232 319 1284 ut
333 1240 336 1246 ’
352 1216 488 1281 mentem
523 1229 663 1281 nostram
695 1230 803 1286 totam.
825 1215 976 1282 advertat.
1018 1215 1120 1284 Multi

181 1334 228 1398 sic
249 1334 339 1417 loqui
354 1335 393 1400 de
413 1332 549 1400 oraculis
569 1336 691 1416 solent,
714 1333 806 1416 quasi
826 1347 931 1400 totum
956 1331 1120 1416 negotium

180 1448 345 1518 iratrdibus
365 1452 565 1517 tribuendum
585 1452 627 1516 sit
640 1453 860 1533 sacerdotum,
884 1447 1120 1532 quippenam,
1152 1532 1154 1535 Ι

182 1569 289 1634 nescio
311 1567 659 1650 quam,furibtmdam,
680 1566 749 1633 sive
769 1566 964 1634 simulantem
974 1548 1121 1632 furorem

183 1686 312 1770 populis
329 1684 571 1769 proposuerint:
597 1705 661 1768 quo
673 1684 794 1750 scilicet
806 1684 903 1768 magis
922 1681 1123 1767 ipsiconsib'a

182 1803 366 1887 perficerent
400 1823 456 1868 sua
489 1803 595 1868 divina
622 1801 819 1869 auctoritate.
864 1801 955 1888 Quae
981 1801 1122 1884 vulgaris

181 1920 347 1987 hominum
369 1919 524 1984 sententia
550 1937 607 1983 nec
634 1918 772 2014 apoetis
791 1919 966 2000 probatur,
989 1919 1046 2000 qui
1060 1921 1122 2002 Py-

183 2039 304 2118 thiam,
326 2036 503 2117 Sibyllam,
524 2035 643 2099 similes
663 2046 773 2113 vates,
795 2047 832 2098 ut
856 2038 1030 2114 ἐνθειὺς,
1050 2036 1123 2100 Deo

118 2147 120 2151 ’
183 2157 290 2238 plenas
313 2152 489 2218 celebrant:
513 2164 544 2217 et
568 2147 723 2216 refutatur
753 2151 844 2233 plane
868 2150 998 2234 antiqua
1021 2150 1124 2218 Grae·

181 2289 291 2338 corum
324 2268 503 2350 historias
521 2268 555 2334 in
584 2287 648 2349 qua
686 2267 792 2333 eadem
823 2267 877 2334 illa
904 2267 1016 2351 Pythia
1043 2269 1125 2337 rexit
1202 2352 1205 2356 ,

182 2391 352 2472 planetes
396 2387 603 2452 Graecorum.
622 2384 655 2469 5¹)
699 2385 826 2450 Scilicet
858 2386 963 2466 negari
990 2386 1148 2470 nequit,

183 2503 320 2568 fraudes·
333 2518 426 2578 saepe
451 2497 635 2562 commissas
657 2518 727 2562 esse
752 2500 927 2581 posteriore
954 2501 989 2565 in
1012 2503 1123 2583 primis

185 2631 305 2694 aetate,
341 2632 376 2677 ac
410 2609 511 2676 fuisse
540 2611 625 2698 apud
650 2612 816 2696 Graecos,
844 2631 882 2680 ut
908 2619 994 2697 apud
1017 2621 1124 2687 nullos

185 2750 253 2799 non
274 2729 435 2813 populos,
455 2725 553 2792 falsos
581 2727 773 2810 prophetas,
801 2729 857 2811 qui
874 2731 1008 2797 afflatum
1027 2733 1125 2800 simu·
1240 2750 1241 2754 ’

187 2852 287 2916 latent
312 2845 474 2926 divinum,
505 2841 568 2926 ipsi
596 2843 745 2928 frigerent
766 2845 835 2912 auri
854 2845 1035 2931 cupiditate.
1078 2851 1125 2918 At

181 2984 262 3033 aero
292 2962 338 3029 uti
369 2962 454 3045 apud
497 2960 651 3044 Tragicos
692 2964 830 3030 occurrit
861 2967 1058 3050 Cassandra,
1093 2969 1127 3016 (⁰
1224 3010 1227 3021 .

182 3083 271 3167 apud
297 3079 466 3164 Virgilium
489 3078 629 3164 Sibylla,
668 3079 714 3146 sic
739 3081 886 3165 profecto
911 3084 1045 3168 Delphis
1068 3084 1127 3150 ali·

1026 3221 1126 3282 quan·

189 3397 278 3450 Clam.
297 3394 375 3446 Alex.
394 3393 568 3448 Strom..V1.
581 3415 608 3464 p.
621 3399 682 3470 827.
713 3410 841 3472 noma-gg
863 3403 895 3463 δὲ
916 3402 995 3462 Zona
1016 3411 1067 3476 μὲν
1090 3402 1127 3465 ἂν

190 3489 290 3566 γράφῃ
324 3481 392 3558 μέτ’
425 3485 626 3562 ἐνθουσιασμοῦ
657 3501 707 3556 καὶ
741 3501 815 3572 ἱεροῦ
838 3501 1021 3571 πνεύματος,
1043 3507 1124 3562 καλὲ

181 3592 287 3660 ’κάρτα
307 3583 376 3654 igit.
454 3585 491 3653 (1)
521 3586 616 3644 Monoi
642 3595 692 3650 hac
720 3599 753 3653 de
781 3618 813 3651 >re
840 3601 869 3650 in
896 3599 987 3650 Dian.
1009 3602 1037 3652 in
1054 3603 1125 3654 civi-

191 3687 258 3732 tates
285 3678 428 3744 antiquas,
474 3684 743 3740 commentationibus
775 3689 875 3739 inserta
908 3688 1003 3740 tertiae
1036 3690 1126 3746 classis

182 3767 314 3821 *instituti
338 3765 411 3838 Belg.
424 3761 489 3817 Vol.-
509 3763 549 3820 11.
567 3789 595 3838 p.
615 3791 662 3828 ao·¹
726 3779 775 3846 (a)
794 3776 854 3834 cic.
873 3776 907 3832 de
924 3777 1017 3839 Diria.
1037 3779 1061 3834 1.
1080 3784 1123 3838 δι.
