2618 4680
529 238 737 302 *186-

180 426 248 490 dem
266 421 329 487 fuit
345 423 420 488 haee
438 438 488 484 ars
511 417 699 500 expiatoria,
722 432 753 481 et
775 419 881 499 quales
904 416 1040 491 maxime
1056 416 1117 483 lto2

177 542 278 614 mines
308 559 373 604 earn
406 554 510 602 tenere
536 535 744 600 dicebantur?
777 535 894 616 Magna
915 533 969 597 illa
993 533 1060 600 fuit
1086 548 1118 599 et

177 658 302 738 divina,
324 672 361 723 ut
381 656 449 738 ipse
470 673 529 719 nos
552 655 641 719 Plato
659 631 752 718 docet
778 651 914 732 iisdem,
950 672 1034 734 quos
1052 654 1118 736 jana

178 774 365 853 attulimus,
388 772 480 836 locis.
525 769 654 841 Furoris
685 769 749 849 ait,
781 768 936 834 divinitus
957 768 1117 847 immissi,

178 906 314 975 qtntnor
339 904 413 953 sunt
435 906 566 970 genere,
588 888 712 968 singula
732 886 875 968 singulos
896 889 982 952 Deos
1002 901 1121 953 aucto-s

177 1026 227 1076 res
257 1005 425 1086 habentia,
455 1010 585 1088 narreris
621 1004 830 1087 Apollinem,
871 1010 1011 1081 τελεςνκὴ
1035 1004 1118 1070 Iino.

179 1125 296 1204 chum,
319 1129 455 1202 seranni
479 1117 758 1215 Musonianus
785 1123 938 1188 Venerem
960 1137 993 1187 et
1015 1124 1122 1188 Amo·.

177 1262 256 1309 rem.
277 1240 311 1283 ζ’)
348 1248 498 1323 Terrestris
529 1254 632 1304 autern
661 1245 819 1315 c'arrcrat'a,
850 1239 950 1320 qualis
976 1240 1042 1320 sit,
1065 1240 1120 1303 his

176 1360 290 1426 vorbis.
307 1359 505 1435 describitur.
551 1362 660 1427 Ἀλλὰ
690 1362 749 1440 μὴν
771 1362 858 1427 νόσων
879 1383 917 1437 γε
941 1361 990 1424 rai
1020 1362 1122 1432 πόνων

181 1490 239 1550 τῶν
263 1485 398 1564 maisou
417 1480 604 1559 γενομένων,
628 1482 644 1554 ti
664 1481 759 1558 nasia
778 1479 957 1557 ἐγγενομένη
975 1476 1029 1542 real
1048 1498 1123 1557 arpo-

178 1601 362 1679 φντεύσνισνν
397 1595 438 1671 οἷς
471 1595 548 1668 ἔδει,
581 1597 772 1672 ἀπαλλαγὴν
803 1593 913 1674 εὕρετο.
959 1576 1014 1664 Εἰ
1044 1611 1121 1656 uero

177 1713 461 1794 ingravescentibus
482 1711 595 1776 morbis
617 1726 648 1774 et
668 1709 923 1788 calamitatibus,
937 1709 1044 1791 farer
1059 1731 1123 1775 non

177 1831 327 1891 nerninem
348 1814 498 1912 oacapat,
521 1843 570 1904 et,
594 1850 653 1912 qao
673 1829 737 1892 illis
754 1825 839 1890 modo
866 1825 1005 1890 liberari
1032 1844 1123 1913 opar-

178 1960 270 2025 teat,
291 1948 507 2024 vaticinatas,
529 1944 697 2009 remedium
725 1962 825 2018 rorata
849 1945 983 2010 invertit.
1032 1945 1124 2008 Con·

178 2062 306 2146 fugiunt
345 2063 390 2141 illi
415 2064 454 2128 ad
485 2066 628 2128 Deorum
656 2080 764 2144 preces
797 2076 828 2125 et
859 2064 1003 2128 cultum:
1039 2064 1124 2136 unde

178 2179 371 2260 expiationes
398 2178 654 2256 initiationesque
683 2178 873 2258 consecuti,
896 2177 1009 2258 integri
1031 2177 1124 2260 puri,

178 2311 241 2387 que
279 2291 360 2358 fiunt
388 2293 428 2366 ad
457 2310 603 2374 praesens
632 2307 756 2375 tempus
790 2310 821 2359 et
860 2296 1018 2373 futurum,
1062 2315 1126 2376 per

178 2423 299 2477 rectum
322 2412 407 2477 hunc
428 2408 567 2477 furorem
588 2411 796 2493 praesentiunt
817 2415 966 2478 malorum
994 2409 1063 2474 sibi
1082 2411 1127 2474 li·

178 2520 370 2603 berationem
386 2528 590 2596 invenientes.
613 2525 645 2576 (ἢ
677 2528 775 2613 Quod
792 2529 829 2592 iis
850 2530 942 2610 plane
965 2526 1124 2607 quadrat,

181 2666 262 2728 quae
283 2649 322 2712 de
356 2647 513 2715 Diotirnae
544 2647 577 2727 in
607 2635 815 2714 Athenienses
837 2645 957 2721 meritis
983 2644 1128 2720 celebras

181 2758 229 2840 vit
249 2764 407 2831 Socrates.

223 2882 299 2946 Fuit
331 2883 406 2949 haec
445 2883 562 2963 igitur,
593 2896 672 2944 teste
712 2881 863 2960 Platone,
895 2897 957 2945 una
987 2898 1097 2947 earum
1111 2933 1127 2968 ,‚

69 3049 72 3052 Δ
157 2984 262 3078 'quae
292 3011 328 3062 ut
359 3000 494 3080 Pythia,
528 3011 565 3058 ut
597 2998 751 3063 Dodonae
775 3001 971 3078 sacerdotes,
1002 3012 1039 3062 ut
1072 3000 1127 3064 Si·

181 3112 284 3191 byllae
312 3111 421 3176 div-ino
456 3109 564 3175 furore
594 3130 702 3194 magna
736 3117 937 3181 contulerunt
965 3115 998 3179 in
1018 3116 1127 3183 Grae·

180 3227 260 3295 ciam
287 3224 449 3295 beneficia.
509 3228 602 3294 Unde
630 3227 836 3312 intelligitur,
868 3250 961 3311 quare
997 3247 1124 3300 tantun

184 3347 213 3412 ei
240 3346 384 3412 Socrates
418 3359 449 3410 et
475 3345 564 3413 Plato
596 3346 787 3429 tribuerint,
810 3350 955 3427 Socrates
977 3350 1056 3415 adeo
1089 3369 1124 3415 se

184 3467 251 3550 ejus
285 3465 474 3549 discipulum
508 3463 672 3547 professus
713 3464 765 3530 sit.
823 3467 884 3532 Sed
921 3481 958 3531 ut
1003 3487 1123 3548 vetrae·

181 3589 243 3672 ul,
276 3584 319 3650 ita
350 3582 495 3650 mulieres
529 3586 611 3652 illam
644 3599 844 3666 exercentes,
875 3585 999 3650 Baccho
1034 3599 1123 3651 erant

701 3682 705 3693 .
852 3696 854 3701 ,
1052 3712 1124 3774 'sa-

221 3835 269 3906 (ι)
289 3836 404 3892 Phaedr.
422 3837 481 3893 26⁵.
501 3836 533 3902 B,
651 3836 826 3907 (neharot.
845 3837 906 3890 244.
922 3837 962 3888 D.
1032 3904 1036 3909 ·
1104 3880 1108 3887 .
