2618 4680
555 319 754 366 -102-⁴

187 486 330 565 legendi,
365 485 441 565 quid
471 485 529 549 ribi
558 486 701 564 tandem,
724 484 892 557 Socrates,
925 475 1055 556 inquit,
1080 475 1125 543 de.

186 601 246 665 lroc
282 619 424 663 sermone
452 600 605 665 viderur‘.2
636 602 753 664 Nonne
787 596 897 660 minam
925 592 958 656 in
988 593 1121 657 modum

184 717 309 798 placet?
343 715 504 796 Obstupui
536 720 651 797 plane,
684 716 856 796 respondet
881 711 955 790 ille,
983 728 1128 790 praeser-

186 849 248 896 tcm
271 852 345 897 vero
373 833 422 898 Te
444 833 633 916 adspiciens.
678 834 759 897 Nam
787 829 940 896 videbaris
973 827 1051 893 mihi
1077 828 1128 895 in-

187 963 234 1012 ter
259 951 422 1030 legendnm
449 955 601 1016 exsultare
630 969 776 1033 prorsus.
807 945 996 1029 Adspiciens
1027 943 1126 1027 igitur

190 1065 242 1130 Te
266 1084 298 1131 ct
324 1083 480 1149 secutus,
504 1088 565 1134 una
593 1082 719 1147 tecum,
744 1066 886 1130 divinum
913 1076 1031 1144 caput,
1054 1061 1127 1131 bac·

189 1184 300 1249 charus
324 1205 407 1251 sum.
451 1188 513 1251 ch
536 1187 693 1251 Phaedrus
723 1183 899 1264 suspicari,
922 1182 1053 1247 illudere
1079 1181 1128 1264 ip-

189 1301 218 1366 si
251 1303 429 1368 Socratem:
469 1322 614 1384 quaerere
651 1318 753 1367 autem
790 1301 898 1380 serio,
938 1315 1127 1380 putaretne,

189 1421 381 1489 Graecorum
406 1398 541 1504 aliquhm
569 1423 636 1485 ullo
660 1436 801 1501 tempore
819 1417 858 1481 de
875 1435 937 1481 una
956 1436 991 1482 re
1012 1432 1066 1483 tot
1091 1437 1126 1487 ae

189 1553 274 1602 tanta
296 1540 423 1605 dixisse.
456 1542 600 1605 Socrates
625 1557 701 1604 vero
726 1555 894 1602 memorare
916 1551 1028 1617 poetas
1049 1515 1141 1605 muh'

189 1669 241 1719 tos
271 1669 302 1717 et
330 1656 467 1735 poetrias
495 1670 526 1719 et
562 1655 640 1720 alios
671 1656 745 1718 item
781 1654 972 1734 scriptores,
1005 1654 1066 1735 qui
1090 1657 1128 1722 de

183 1771 525 1854 -amorescripsissenta
550 1790 706 1852 quornm,
727 1770 854 1851 inquit,
877 1783 989 1851 pectus
1009 1771 1130 1840 habena

188 1878 339 1971 plen'unr,
362 1888 464 1953 sentio
489 1907 539 1953 me
561 1906 657 1970 posse
682 1901 803 1969 praeter
831 1890 944 1952 haecce
969 1889 1029 1954 alia
1054 1888 1131 1956 item

187 2007 313 2086 dicere,
336 2025 392 2072 nec
412 1988 529 2090 pejora.
576 2005 661 2071 Tum
683 2005 864 2085 Phaedrus,
887 2006 972 2084 hoc,
996 2002 1132 2088 inquit,

189 2126 344 2202 praeclare
381 2123 511 2202 dixisti,
535 2122 795 2203 generosissime,
828 2143 845 2185 a
874 2122 990 2201 quibus
1024 2140 1130 2191 autem

188 2240 264 2303 haec
301 2240 456 2320 acceperis
491 2254 522 2302 et
568 2241 752 2318 quomodo,
802 2257 841 2302 ne
879 2237 967 2305 dicas
998 2243 1129 2324 uelim,

84 2334 86 2338 V
189 2356 309 2430 etiamsi
334 2377 352 2422 a
377 2376 426 2421 me
450 2370 592 2439 rogatus.
637 2355 700 2421 Sed
725 2369 781 2436 tu,
812 2375 952 2436 quaes0,
977 2371 1014 2422 tu
1037 2366 1151 2441 peras

188 2493 227 2557 ge
265 2477 352 2556 quod
381 2474 574 2557 promisisti:
606 2474 634 2540 si
661 2473 793 2555 feceris,
833 2492 948 2556 ponam
980 2478 1130 2557 egotibi
1182 2462 1184 2467 ¹

187 2593 322 2683 Delphis
365 2607 506 2665 statuam
550 2612 701 2672 auream,
742 2593 831 2675 juxta
879 2610 990 2655 meam.
1051 2595 1127 2680 Quo

112 2788 117 2796 ι
185 2713 392 2778 adolescentis
421 2715 529 2815 ardore
560 2726 671 2792 captus
697 2712 863 2788 SocrateS,
886 2725 975 2788 aegre
996 2710 1130 2793 quidem
1161 2788 1164 2792 Α

130 2862 133 2869 ·
186 2843 223 2889 et
242 2829 343 2889 multo
375 2810 445 2889 curn
476 2827 617 2907 pudore,
640 2828 695 2890 sed
722 2826 903 2906 perducitur
931 2841 1036 2892 tamen
1063 2850 1128 2914 eo,

185 2924 221 3003 ut
243 2941 311 3021 ipse
339 2941 454 3022 pariter
477 2940 647 3004 orationem
671 2942 870 3023 pronunciet.

188 3126 191 3132 ,
225 3057 289 3121 Est
314 3071 416 3120 autem
442 3056 493 3120 illa
519 3075 584 3121 non
608 3056 650 3122 ita
672 3074 736 3124 arte
755 3059 858 3124 nitens
879 3077 910 3124 et
933 3063 1127 3151 splendida,

134 3160 141 3173 ⁴
183 3189 221 3243 ut
257 3173 390 3262 Lysiae3
424 3173 481 3238 sed
519 3178 714 3244 commendat
748 3196 781 3243 se
812 3181 912 3247 nrulto
956 3184 1056 3264 inagis
1094 3201 1128 3259 et

181 3295 266 3357 lucet
298 3295 388 3374 plane
417 3291 553 3373 ordine,
575 3292 820 3401 perspicuitate,
843 3297 973 3378 proprio
1006 3303 1130 3409 verbo:

178 3424 248 3475 rum
275 3431 358 3489 usu,
386 3395 527 3474 accurata
557 3412 731 3489 argumenti
761 3414 963 3496 definitione,
988 3417 1125 3487 interio-

177 3547 212 3591 re
241 3528 335 3592 animi
369 3527 495 3594 humani
523 3504 808 3611 pervestigatione·
843 3535 925 3598 valet
958 3535 1051 3598 unice
1082 3542 1123 3610 ad

176 3660 318 3708 carassam
348 3645 568 3725 obtinendam,
608 3666 698 3751 quam
732 3660 950 3741 proposuerat
970 3647 1120 3739 Lysias,

178 3761 291 3821 amanti
323 3762 484 3842 gratificari
518 3781 582 3827 non
619 3778 809 3847 oportere]
814 3780 956 3826 uvenem.
1004 3766 1136 3853 Quaes

179 3874 306 3943 reardmn
350 3878 442 3944 nobis
474 3880 640 3971 primum,
667 3878 794 3966 nequit,
825 3879 901 3963 ιιιιῐιί
929 3881 970 3948 sit
997 3904 1116 3961 artiora.

1044 3987 1121 4078 tarr*
1176 4059 1191 4099 -,
