2618 4680
493 225 665 294 -5'3-1

116 399 175 464 bac
214 395 413 475 defensione,
454 395 612 462 Socratica
640 382 705 459 fere
738 378 818 462 usus*
844 374 891 464 est
923 396 1044 480 disqui·
1107 447 1110 454 .

117 515 204 581 tandi
234 513 362 582 ratione.
570 485 581 502 ’

155 745 274 835 Quaeri
298 747 363 813 fere
383 748 485 828 solet,
510 748 597 828 quod
621 736 740 813 tandem
768 747 811 813 sit
834 750 1045 840 propositam,

114 860 187 948 quis
208 864 285 948 finis
311 864 541 948 philosophiae.
584 865 674 949 Quae
703 882 775 930 sane
797 865 938 946 quaestio
965 866 1047 930 haud

112 982 214 1050 facilis
245 998 293 1048 est
317 983 356 1048 ad
389 981 634 1066 explicandum,
665 979 693 1044 si
722 979 820 1046 varias
858 981 1044 1064 respicimus

113 1099 374 1183 philosophorum
412 1099 596 1178 doctrinas,
628 1096 661 1161 in
689 1095 797 1178 primis
827 1096 1045 1162 recentiorum.

113 1215 204 1282 Aliae
234 1215 315 1280 enim
346 1216 406 1280 allo
436 1214 636 1298 referuntur,
670 1228 766 1295 atque
795 1211 838 1276 ita
868 1230 902 1275 se
934 1210 1050 1276 habent

113 1334 305 1411 nonnullae,
327 1331 464 1412 utquid
485 1345 659 1412 spectarent
681 1328 742 1410 ipsi
765 1342 929 1407 auctores,
961 1326 1050 1409 igno·

116 1445 197 1510 rasse
223 1446 398 1511 videantur.
442 1445 532 1528 Quo,
549 1444 607 1525 fit,
634 1457 672 1508 ut
695 1462 810 1508 vanum
836 1463 853 1508 a
880 1442 987 1507 multis
1017 1457 1048 1508 et

118 1559 230 1626 inutile
250 1560 398 1625 habeatnr
415 1558 632 1641 philosophiae
652 1558 802 1625 studium.
835 1559 958 1646 Quodsi
977 1536 1048 1641 phi-

117 1677 262 1758 losophia
285 1676 453 1741 secundum
475 1676 673 1758 antiquorum
700 1674 825 1740 effatum
846 1676 984 1742 stadium
1004 1675 1047 1742 sit

115 1800 258 1859 stamar
285 1791 500 1879 cogtzorcendi,
529 1811 595 1857 non
627 1807 675 1857 est
702 1792 789 1874 quod
814 1793 852 1858 de
880 1795 948 1878 ejus
970 1813 1045 1876 pro-

112 1909 221 1993 posito
259 1908 452 1973 dubitemus.
503 1907 655 1975 Refertur
692 1908 735 1973 ita
763 1909 801 1972 ad
832 1928 940 1973 verum
970 1928 1047 1991 cog·

114 2020 332 2107 noscendum,
361 2026 451 2108 cujus
476 2023 615 2089 innatum
643 2041 689 2089 est
717 2024 837 2088 homini
865 2024 1046 2090 incredibile

113 2143 272 2223 studium3
296 2143 360 2207 dut
379 2155 428 2206 est
449 2141 488 2206 ad
508 2141 711 2224 sapientiam,
738 2162 799 2224 qna
825 2142 904 2207 nihil
929 2130 1046 2226 'possu-
1153 2149 1155 2154 “
1225 2116 1228 2121 ’

112 2279 181 2326 mus
209 2259 396 2342 praeclarius
424 2268 610 2338 appeteret*
631 2271 679 2321 est
710 2256 839 2322 omnino
867 2257 1043 2341 ejusmodi,

112 2374 164 2442 ut'
184 2395 248 2441 eam
291 2378 393 2442 colere
433 2376 527 2438 decus
566 2393 748 2455 summum,
784 2371 849 2438 eam
886 2374 1046 2456 despicere
1087 2364 1089 2368 ’

113 2511 267 2558 summum
300 2490 434 2553 dedecus
463 2490 635 2568 putandum
665 2488 719 2552 sit.
765 2488 885 2553 Verum
910 2489 1046 2553 enimin
1133 2541 1136 2548 .

114 2610 172 2673 hac
192 2625 293 2671 rerum
315 2585 527 2668 universarum
546 2593 789 2683 disquisitione,
811 2603 904 2666 habet
922 2616 1046 2695 tamen,
1108 2611 1124 2619 ’“
1147 2639 1152 2645 ·

115 2725 243 2790 Socrate
273 2720 400 2807 indice,
441 2717 529 2799 quod
564 2736 662 2783 nnrtm
693 2717 825 2784 maxime
851 2698 1053 2801 diligentississ

93 2870 96 2877 Δ
114 2858 227 2920 meque
252 2837 387 2920 indaget.
433 2836 514 2902 Nam
536 2829 613 2901 cum
627 2835 777 2902 latissime
791 2847 894 2919 pateat
912 2855 1050 2920 cognos-

112 2934 203 3025 cendi
223 2975 329 3036 amor,
352 2975 410 3020 nec
432 2953 535 3019 minus
552 2951 710 3051 inquirant
726 2944 893 3034 mortales,
916 2952 993 3036 quid
1012 2954 1046 3020 in

113 3075 183 3141 altis
206 3075 287 3139 coeli
314 3072 486 3151 tractibus,
510 3089 603 3151 quam
629 3068 706 3150 quid
727 3069 760 3134 in
780 3070 830 3136 his
853 3070 944 3136 terris
961 3070 1049 3152 ipso·

115 3208 248 3270 rumque
268 3188 380 3254 animis
402 3202 550 3270 geratur,
570 3200 601 3250 ct
624 3204 700 3251 vero
727 3185 789 3251 illis
808 3174 939 3252 maxime
963 3186 1050 3250 inda-

101 3303 222 3394 xgaudis
251 3303 429 3386 sapientiam
452 3317 615 3385 censeant3
646 3303 790 3370 Socrates
814 3300 1055 3385 philosophiam·

113 3419 218 3505 coegit
237 3421 276 3484 de
305 3418 371 3484 vita
394 3434 425 3482 ct
445 3420 586 3491 moribus
614 3418 771 3500 rebusque
792 3417 886 3484 bonis
911 3433 942 3483 ct
960 3419 1050 3487 melis

115 3559 273 3625 quaerere.
318 3536 394 3622 Quo
417 3555 481 3601 non
504 3537 617 3633 utilius
645 3550 785 3617 tantum,
808 3550 844 3601 ut
864 3538 962 3619 vulgo
988 3558 1048 3622 pu·

114 3671 218 3740 tatur,
247 3640 473 3743 hominumque
502 3652 584 3719 vitae
607 3652 891 3735 accommodatius,
919 3656 973 3721 sed
998 3679 1050 3726 re.

111 3784 188 3860 ‘epse
204 3752 452 3841 sublimiar'esse
470 3770 576 3855 coepit
597 3766 819 3852 philosophiae
833 3775 1048 3858 propositum.

541 3889 633 3977 D3¹
962 3891 1045 3957 Nam
