2618 4680
487 272 705 334 'F197‘i

81 439 85 447 ¹
138 415 288 508 ¹tonicae,
320 421 544 507 aptissimeque
569 421 622 496 ita¹
638 437 705 489 tota
730 442 905 508 exponatur
922 431 1078 514 philosa-

36 543 38 550 '
140 544 202 626 phi
214 547 252 608 de
277 560 380 635 amore
403 539 557 605 doctrina.
602 540 677 626 Quo
699 542 796 624 magis
818 561 970 627 constat,
988 543 1086 631 quod
1125 580 1127 586 ·

138 659 279 726 'aliunde'
296 658 370 728 item
405 656 570 740 probabile
603 672 676 740 est,
698 658 752 725 diu
784 676 859 742 post
879 662 1074 747 Phaedrum,

117 779 226 853 hunc
244 796 262 842 a
279 777 410 843 Platone
429 773 753 859 dialogum-scriptum
767 755 867 843 esse.
890 778 978 846 Ordo
1001 799 1077 846 sane

46 894 49 900 ’
142 895 195 961 ille
225 891 449 981 disputationis
478 907 509 956 et
531 907 679 958 constans
704 892 756 958 illa
783 908 878 977 atque
902 896 1075 979 aequabilis

132 1011 352 1098 progressio,
381 1030 463 1092 <quae
497 1011 549 1079 hic
579 1012 717 1077 occurrit
748 1027 780 1077 et
810 1013 842 1076 in
868 1014 1011 1081 Phaedro
1027 1034 1076 1080 re-

140 1130 299 1214 quiritur,
321 1129 488 1212 ingenium
517 1129 624 1212 prodit
656 1129 821 1196 scribendo
847 1132 1071 1214 exercitatum3
1170 1108 1172 1117 Ι

140 1264 170 1313 et
197 1267 296 1325 vero,
340 1249 426 1328 quod
453 1246 621 1328 utriusque
650 1248 795 1314 dramatis
824 1249 889 1314 viru
919 1264 952 1314 et
978 1248 1074 1315 ratio·
1131 1267 1135 1274 ·

132 1379 207 1438 ⁸nem
238 1365 369 1442 attinet,
398 1361 432 1427 in
463 1362 603 1431 Phaedro
619 1368 715 1451 poeta
734 1365 871 1430 occurrit
884 1362 903 1446 ,'
919 1366 976 1452 qui
1001 1365 1072 1450 phi-

132 1482 347 1564 losophatur,
390 1480 435 1558 in,
453 1477 626 1564 Symposio
657 1479 878 1571 philosophos,
911 1483 967 1566 qui
1001 1484 1072 1567 phi·

131 1597 313 1694 ‘Iosophiam
334 1597 425 1682 poisi
453 1613 581 1664 exornat
603 1613 634 1681 et
652 1600 812 1666 exhilarat.
891 1661 894 1667 ,

127 1756 129 1760 -
179 1717 242 1803 Sed
264 1717 351 1800 quod
379 1716 494 1787 dicitur
516 1717 555 1796 de
584 1717 710 1800 tragicis
742 1719 871 1802 poetis,
900 1719 983 1786 dicta
1008 1717 1070 1786 illis

135 1837 240 1904 omnia
269 1835 428 1917 tribuere,
459 1854 539 1919 quae
567 1834 631 1918 ipsi
653 1835 832 1926 tribuerunt
859 1836 952 1919 aliis,
966 1915 969 1929 Ι
984 1856 1072 1901 sum·

127 1973 202 2034 ‚mae
231 1973 300 2028 esse
320 1950 574 2033 perversitatis,
591 1948 685 2013 nobis
707 1952 769 2015 hoc
790 1952 871 2043 iterun
884 1966 916 2015 et
942 1972 1072 2035 perver-

126 2087 205 2151 ‚sum
228 2067 352 2131 videtur
380 2079 411 2129 et
436 2065 568 2129 stultum
592 2065 690 2146 ade03
714 2051 790 2146 sed,
814 2075 855 2161 u't
875 2053 991 2134 taceam
1020 2090 1070 2144 re·

91 2236 93 2241 .
133 2184 287 2251 centiores
310 2181 470 2266 tragicos,
493 2182 548 2262 qui
575 2181 809 2266 philosophiam
830 2202 919 2250 suam
943 2186 975 2250 in
1003 2207 1070 2253 sce-

133 2322 202 2368 nam
232 2301 460 2377 traduxerunt,
492 2299 524 2362 id
547 2316 621 2362 sane
650 2301 733 2380 apud
760 2301 902 2367 Graecos
924 2302 1069 2371 fecerunt

131 2420 342 2500 Epicharmus
371 2429 403 2478 et
430 2413 612 2496 Euripides.
669 2414 815 2499 Quorum
850 2418 902 2482 hic
939 2421 1066 2500 quidem

28 2516 30 2525 ¹
130 2537 176 2601 sic
200 2532 349 2617 exposuit
378 2532 411 2596 in
440 2549 532 2597 scena
554 2531 758 2614 Anaxagorae
776 2552 929 2617 suamque
949 2538 1067 2630 doctri.

95 2619 103 2641 Ι
129 2673 224 2735 nam,
247 2668 282 2718 ut
310 2667 382 2736 apte
401 2669 467 2716 eam
496 2651 619 2734 exejus
640 2648 756 2714 fabulis
779 2648 915 2718 effecerit
934 2653 1067 2720 Valcke-

128 2771 247 2838 narius.
294 2768 494 2853 Opportune·
513 2782 616 2833 autem
655 2766 731 2832 mihi
762 2769 871 2835 videor
899 2771 1064 2854 Euripidis

120 2889 270 2970 ,erudisse
291 2888 493 2970 exemplum,
516 2885 635 2978 quippe
656 2885 712 2968 qui
731 2905 804 2968 prae
822 2888 951 2954 caeteris
967 2888 1066 2957 marti·

127 3026 177 3075 me
205 3007 269 3072 vim
297 3003 410 3071 amoris
443 3004 517 3088 puri
548 3014 580 3070 et
602 3004 750 3099 coelestis
773 3006 964 3073 carminibus
993 3007 1062 3074 suis
1113 2994 1116 3001 ¹

121 3124 306 3210 expressit,
327 3122 442 3206 cuique
462 3120 575 3203 Plato,
599 3137 635 3188 ut
663 3121 788 3206 saepius
817 3124 987 3192 identidem
1004 3127 1062 3193 ob-

125 3240 342 3322 servavimus,
365 3238 647 3322 quamplurimum
672 3240 794 3308 debuit.
838 3243 921 3307 Nam
950 3243 996 3307 sic
1022 3244 1062 3310 de
1099 3234 1106 3316 ss
1199 3224 1200 3228 ¹

124 3380 230 3426 amore
269 3356 465 3435 existimare,
502 3371 540 3423 ut
557 3355 713 3432 ¹Socrates
743 3356 933 3424 existimavit
942 3354 959 3440 ,'
994 3377 1060 3426 non
1158 3439 1176 3453 Ι,

124 3476 247 3547 Socrati
289 3474 382 3542 unice
417 3473 581 3558 proprium
628 3488 714 3555 erat,
767 3475 823 3539 sed
852 3474 914 3560 ipsi
954 3471 1060 3559 aden,

125 3615 186 3677 qua
214 3593 315 3675 vixit,
335 3591 447 3685 aetati:
484 3611 549 3672 quo
578 3590 720 3674 factum,
750 3607 786 3658 ut
807 3592 925 3660 mediae
944 3612 1061 3660 novae·
1147 3580 1153 3587 ³
1226 3598 1229 3605 '

119 3730 187 3794 ‚que
214 3708 393 3776 comoediae
425 3707 597 3791 scriptores
628 3707 744 3792 pariter
773 3711 811 3774 de
830 3729 935 3777 amore
953 3702 1060 3794 philo'·

119 3827 353 3928 ‘sopharentuss
386 3823 562 3895 Menander
591 3837 814 3911 admurmuratio
841 3833 1058 3919 §parturiverat

552 3940 588 4009 N
608 3938 632 4026 ς’
654 3937 657 3944 ’
992 3942 1058 4008 dic-
