2618 4680
569 287 777 364 ...34-..

181 466 260 532 uien'r
294 461 389 550 o'per'e
413 466 574 533 contendit
604 465 748 533 Cicero:
784 463 809 529 si
840 461 956 541 nobis,
986 476 1062 524 cum
1086 476 1128 526 ex

189 586 246 650 hac
276 584 339 652 vita
370 583 625 665 migraverimus,
659 583 691 647 in
713 582 873 647 beatorum
896 578 1035 656 insulis,
1065 575 1129 641 ian-

190 705 321 767 mortale
338 720 471 779 aevum,
493 715 529 764 ut
554 698 676 765 fabulae
703 698 833 780 ferunt,
854 697 965 779 degere
992 695 1128 777 liceret,

190 818 267 898 quid
293 836 374 899 opus
403 831 485 882 essct
512 818 713 900 eloquentia,
736 835 808 881 cum
826 814 942 901 judicia
958 813 1048 879 nulla
1070 811 1131 879 fie-

188 934 287 998 rent?
310 947 364 998 aut
383 934 461 1016 ipsis
481 935 571 1001 etiam
590 935 788 1000 virtutibus?
811 953 868 998 nee
888 931 969 998 eninr
992 927 1127 999 fortitu-

174 1049 273 1114 ·dinis
291 1051 521 1135 indigeremus,
543 1055 632 1118 nullo
655 1052 823 1137 proposito
845 1067 899 1117 aut
916 1049 1047 1132 labore,
1069 1067 1128 1118 aut

189 1168 350 1251 pericrlo:
386 1189 443 1236 nec
461 1171 607 1256 putitiu,
628 1189 699 1236 cum
721 1183 805 1235 esset
834 1167 933 1249 nihil,
956 1166 1048 1250 quod
1070 1187 1128 1252 ap·

180 1303 348 1370 peteretur
360 1288 472 1356 alieni:
496 1307 553 1354 nec
573 1287 796 1372 temperantia,
817 1306 895 1368 quae
914 1299 1034 1368 regeret
1052 1302 1126 1366 eas,

191 1394 537 1488 praeeminerent,
558 1406 725 1474 libidinosa
749 1424 789 1471 ne
810 1403 974 1488 prudentia
997 1402 1126 1484 quidem

188 1540 371 1603 egeremus,
395 1529 483 1590 nullo
507 1526 623 1592 dilectu
646 1523 812 1607 proposito
832 1525 988 1589 bonorum
1012 1535 1045 1585 et
1064 1540 1129 1589 naa·

187 1641 303 1705 lorum.
349 1643 424 1706 Una
452 1663 580 1708 essemus
608 1641 693 1707 beati
720 1643 891 1725 cognitione
921 1653 1065 1703 naturae
1098 1654 1128 1706 ee

187 1759 341 1837 scicntia,
364 1779 444 1845 quae
463 1759 529 1824 sola
556 1773 601 1825 est
620 1761 717 1823 otiam
740 1758 879 1824 Deorum
898 1760 968 1823 nita
987 1754 1155 1847 laudan-g

186 1867 242 1937 da·
266 1868 298 1914 u)
1111 1872 1114 1877 ·
1145 1862 1151 1867 '

230 1988 306 2077 Quo
336 1992 434 2074 magis
461 1993 538 2059 haec
563 1991 677 2076 plicita
705 2010 742 2057 ex
766 1991 834 2075 ipsa
858 1989 998 2056 Platonis
1019 2006 1128 2057 mente

187 2109 440 2189 perceperimus,
476 2129 513 2173 eo
544 2109 667 2190 plenius
703 2109 911 2192 intelligemus
935 2108 1007 2188 illa.
1042 2128 1127 2191 quae

186 2223 225 2285 de
252 2221 384 2304 pristino
412 2224 507 2289 animi
534 2241 565 2290 et
593 2244 674 2308 puro
705 2240 789 2289 statu
817 2224 849 2289 in
880 2225 1023 2290 Phaedro
1050 2244 1127 2309 pro·

84 2349 85 2353 ’
185 2337 359 2406 nunciavit.
405 2342 468 2407 Sed
497 2361 534 2406 eo
571 2342 757 2426 priusquam
792 2358 1008 2424 transeamus,
1042 2344 1126 2409 hano

184 2457 277 2524 etiarn
311 2456 496 2543 philosophi
527 2462 720 2528 attendamus
757 2462 794 2527 de
826 2460 929 2527 indole
953 2474 1066 2527 nostra
1091 2464 1142 2527 et'

184 2581 297 2645 nature
319 2578 517 2646 sententiam.

227 2699 286 2765 Nil
304 2697 400 2762 homo
420 2697 564 2781 possidet
586 2696 688 2760 animo
709 2695 860 2760 divinius.
904 2698 1028 2764 nuum
1060 2687 1122 2781 adp

187 2825 245 2882 τῶν
271 2821 363 2882 αὑτοῦ
395 2817 558 2894 κτημάτων
580 2816 662 2892 μετὰ
690 2816 768 2885 θεοὺς
790 2816 879 2895 ψυχὴ
907 2815 1066 2884 delirante.
1091 2812 1121 2857 ω

186 2927 331 3006 Verum,
364 2926 465 3007 qualis
498 2927 555 2992 ille·
582 2926 651 3005 sit,
683 2926 711 2989 si
740 2944 931 3010 cognoscere
962 2930 1123 3012 uelimus,

178 3041 267 3107 haud
300 3041 413 3105 intueri
438 3060 507 3106 eum
524 3057 650 3126 oportet
672 3044 829 3126 pollutum
856 3043 1123 3131 inquinatumque

183 3156 328 3244 corporis
355 3159 575 3225 communione
604 3175 635 3225 et
664 3157 804 3227 'caeteris'
825 3163 937 3245 malis3
971 3166 1051 3247 sed,
1086 3183 1124 3233 ut

184 3283 296 3345 natura
321 3296 355 3342 se
380 3276 496 3358 habet,
522 3297 633 3359 purum
662 3293 693 3344 et
730 3279 909 3363 sincerum,
938 3284 1031 3347 talem
1059 3303 1121 3351 nos

184 3397 273 3462 decet
301 3414 371 3460 eum
398 3393 573 3460 discernere
601 3394 720 3459 ratione
748 3410 779 3460 et
809 3398 998 3482 perspicere.
1053 3402 1123 3487 Qui

177 3513 341 3582 'Glaucum
371 3511 522 3579 marinum
555 3512 695 3594 vident,
727 3515 810 3581 haud
838 3526 973 3599 possunt
1005 3513 1052 3576 illi
1079 3539 1127 3588 ex¹

179 3647 346 3710 praesente
365 3630 495 3715 speeie,
518 3632 675 3714 antiquam
708 3634 776 3719 ejus
799 3648 939 3700 naturam
968 3635 1118 3714 assequle

920 3785 924 3791 ·
998 3812 1001 3819 .
1043 3766 1118 3818 llam

125 3922 126 3926 ,
168 3886 171 3890 “
217 3883 261 3950 (ι’,
281 3879 387 3950 Fragm-
404 3901 432 3950 p.
452 3887 529 3955 1094.
549 3885 600 3939 Ed.
620 3885 687 3975 Eru.
724 3881 835 3953 (aiDo
848 3878 1095 3960 Lpgg,.v‚ffit·,
1132 3860 1164 3894 ’.
