2618 4680
558 275 734 336 ...μ

182 420 277 504 pres,
300 426 403 515 qualis
425 431 525 500 adhuc
548 439 716 524 obtigisset
739 449 903 526 poetarum
925 461 1067 512 veterum
1087 459 1120 512 er

180 536 402 608 recentiorum.
452 549 562 633 Itaque
588 573 708 640 gratum
738 563 815 627 mihi
842 563 1000 629 accidebat
1026 565 1121 628 diiec-

180 654 295 720 tissffssi
322 662 421 739 patris
455 673 650 757 eonsilium,
689 693 726 742 ut
756 681 984 747 Amstelodami
1008 695 1122 744 uterer

180 769 427 846 celebratissima
466 787 588 857 Crassii
635 792 857 878 institutione,
889 799 1009 882 quippe
1045 814 1122 861 con·

175 893 310 980 juncti,
334 895 382 960 uti
402 918 603 992 acceperam,
625 933 698 978 eum
722 915 888 980 Ciceronis
918 930 951 980 et
976 914 1122 994 antiquae

179 1002 547 1093 rh¹1⁰⁵0phiaestuu02
570 1025 729 1095 sedidem
753 1030 832 1095 mihi
856 1046 921 1096 erat
944 1033 1038 1113 laage
1055 1047 1123 1111 gra-

177 1120 362 1205 tissimum,
391 1147 428 1197 ut
455 1139 576 1211 aditum
600 1145 679 1212 mihi
706 1163 822 1231 sponte
843 1145 1057 1231 praebiturum
1084 1147 1124 1211 ad

178 1239 356 1334 principem
385 1249 473 1319 illum
501 1259 643 1327 Platonis
671 1264 900 1347 interpretem,
939 1285 1032 1348 quem
1060 1267 1123 1349 jam

180 1361 250 1439 <11²⁸
273 1374 448 1448 noctesque
468 1374 669 1460 cogitabam,
690 1378 984 1462 Wytteubachium.
1028 1379 1123 1444 Hunc

178 1479 279 1564 igitur
301 1493 337 1541 ut
354 1483 418 1546 adii
439 1491 591 1572 (vespera
615 1512 699 1564 erat:
732 1511 857 1582 tempus
876 1514 909 1564 at
929 1499 1035 1564 lorum
1061 1515 1126 1560 mea

181 1589 279 1672 milli)
315 1609 461 1670 quaerere
494 1603 548 1668 ille
582 1611 735 1674 continuo
766 1614 804 1674 de
839 1615 953 1677 studiis
988 1615 1065 1680 meis
1094 1629 1127 1678 et

183 1706 426 1801 progressibus:
451 1733 511 1797 ego
533 1721 571 1786 de
589 1722 741 1789 Nodellio
763 1744 886 1793 narrare
908 1742 940 1790 et
962 1728 1001 1791 de
1028 1730 1127 1810 scrip-

183 1826 309 1898 toribus
333 1845 350 1891 a
377 1820 427 1892 me
455 1838 619 1924 uacuus,
640 1841 770 1906 maxime
790 1843 915 1926 poetis:
938 1844 990 1909 ille
1011 1844 1125 1909 librum

184 1946 264 2018 mihi
292 1944 326 2010 in
353 1966 463 2016 manus
488 1954 562 2020 dare
597 1959 654 2039 qui
686 1975 812 2042 praesto
848 1974 931 2041 erat,
962 1975 993 2026 et
1022 1963 1125 2028 locum

185 2077 360 2137 monstrare
386 2086 480 2149 quem
503 2071 641 2155 legerem
658 2088 690 2139 et
709 2075 946 2160 interpretarer:
970 2094 1056 2144 erant
1079 2082 1127 2163 ip·

185 2187 261 2255 sius
279 2182 400 2248 selecta
418 2184 653 2256 Historicorum
672 2190 768 2256 modo
787 2190 892 2272 edita,
914 2192 1004 2256 locus
1023 2207 1127 2257 autem

188 2300 389 2385 Thucydidis
422 2302 461 2369 de
487 2322 577 2389 peste
606 2309 823 2375 Athenarum:
862 2326 921 2390 ego
958 2309 1128 2375 subtimide

185 2427 313 2506 legere,
344 2438 402 2486 nec
426 2421 527 2506 probe
553 2426 762 2519 interpretari.
807 2427 892 2493 Tum
924 2427 1033 2493 nescio
1066 2428 1129 2510 qua

187 2537 447 2626 opportunitate,
486 2542 546 2606 sed
577 2542 672 2610 fiebat
700 2542 841 2610 Platonis
877 2541 1007 2608 mentio.
1062 2543 1127 2609 llic

186 2657 264 2741 ille,
284 2672 344 2740 tu,
365 2658 500 2742 inquit,¹
522 2661 683 2728 Platonem
708 2661 839 2745 legisti?
870 2661 949 2727 Nou
973 2660 1058 2743 legi,
1081 2661 1128 2726 in-

188 2796 308 2863 quam,
326 2778 385 2842 sed
407 2779 551 2858 percurri
572 2778 767 2859 Apologiarn·
783 2790 814 2838 et
832 2775 1049 2840 Phaedonem:
1073 2795 1128 2839 cu-

186 2911 293 2978 perem
320 2904 423 2954 autem
443 2891 544 2970 legere
568 2904 600 2953 et
621 2889 815 2968 intelligere,
837 2901 869 2952 et
895 2891 952 2952 hac
973 2906 1030 2969 spe
1050 2891 1129 2954 Am-

186 3007 393 3080 stdodntnum
421 3005 517 3086 veni,
547 3019 584 3071 ut
610 3005 676 3071 tuis
709 3017 813 3069 uterer
837 3002 1048 3085 lectionibus,
1071 3019 1130 3084 et,

188 3127 222 3197 si.
240 3127 368 3204 bearet,
383 3123 528 3189 :monitis
554 3123 628 3190 itera
658 3122 723 3189 tuis
749 3135 781 3187 et
808 3121 1016 3190 sermomhus.
1059 3125 1129 3191 Pla·

186 3245 277 3331 cahat
300 3259 486 3326 responsum
510 3241 580 3307 viro
609 3259 751 3308 summo:
775 3253 860 3304 certe
878 3242 1034 3324 extemplo
1060 3263 1129 3310 mu,

188 3361 436 3432 autumabatur
460 3373 562 3426 totus.
606 3359 690 3426 Nam
711 3357 922 3442 explicabatur
944 3355 1034 3427 frons
1053 3379 1129 3427 con·

189 3495 310 3562 meta,-
330 3479 435 3546 aberat
458 3476 608 3543 severitas
626 3477 679 3542 illa
704 3475 737 3542 in
764 3474 895 3540 tironem
914 3478 1034 3544 scilicet
1059 3497 1128 3542 sus.

190 3607 282 3680 rapta
307 3600 386 3662 male
408 3597 561 3676 legentem
589 3594 726 3660 etmale
754 3591 1026 3677 interpretantem:
1058 3592 1128 3658 ade-

190 3725 240 3783 rat
265 3709 300 3776 in
329 3707 422 3775 vultu
448 3710 524 3777 mira
551 3708 682 3791 comitas
711 3723 742 3774 et
766 3707 993 3776 benivolentiae
1008 3707 1130 3789 signifi·

190 3826 287 3924 catio.
325 3825 451 3919 Mac-te,
478 3828 592 3921 sodes,
612 3825 971 3912 inquinamutetua:
995 3840 1070 3895 xnam
1089 3826 1132 3900 de

674 3953 682 3979 ··
1088 3960 1126 4005 eo
