2618 4680
442 369 644 430 -117-*2

75 537 177 619 capite
206 527 319 613 vultu,
351 545 487 614 quatuor
517 531 669 613 auribus,
702 535 886 615 genitalibus
906 540 1006 608 binisa
1089 541 1092 545 ’

75 651 282 721 Procedebant
301 648 399 732 recti,
422 665 459 716 ut
481 665 563 714 nunc
582 651 922 736 solent,quocumque
943 660 1006 723 vel·

73 773 159 854 lent,
183 770 239 836 sed
250 766 539 848 festinantes,octo
560 765 622 832 illis
642 768 789 834 membris
807 769 931 855 innixi,
945 773 1016 838 cin·

58 876 314 954 'cumvolvebant
341 903 376 948 se
400 882 622 965 velocissime,
655 903 762 952 eorum
793 887 926 968 instar,
948 890 1006 970 qui

68 1005 102 1071 in
124 1019 221 1088 caput
247 1002 371 1069 saltant.
416 1002 587 1089 Quocum
613 1017 719 1068 essent
746 1004 889 1087 corporis
909 1005 1006 1070 robo-

67 1107 103 1186 re
134 1121 284 1204 ingente,
316 1139 405 1203 pares
435 1118 582 1202 gerebant
612 1118 745 1202 spiritus
774 1134 806 1184 et
834 1120 924 1203 ipsos
952 1141 1011 1205 agr

68 1229 172 1322 gressi
200 1253 275 1305 sunt
300 1238 400 1304 Deos.
442 1236 594 1322 Jupiter,
625 1236 763 1302 concilio
806 1251 1008 1319 convocato,

68 1375 141 1422 cum
165 1355 236 1424 Diis
258 1354 431 1433 deliberat,
453 1351 532 1433 quid
554 1352 598 1416 sit
611 1350 645 1418 in
666 1354 814 1428 homines
828 1355 1004 1437 agendum:

69 1473 154 1538 haud
185 1471 359 1554 reperiunt.
401 1468 486 1534 Nar'n
515 1469 629 1535 nolunt
652 1487 706 1535 eos
725 1469 859 1544 fulmine
886 1471 1006 1554 delete,
1074 1538 1085 1551 ,

71 1579 121 1651 ne
143 1586 263 1662 scilicet
304 1583 480 1652 honoribus
517 1585 739 1668 sacrificiisque
775 1587 1005 1672 destituantur,

71 1702 190 1785 quibus
211 1703 301 1786 ipsos
322 1712 576 1785 prosequuntur:
599 1718 657 1767 nec
684 1721 759 1767 vero
786 1701 867 1771 ferre
887 1718 1003 1787 tantam

66 1817 266 1885 insolentiam
295 1832 444 1902 possunt.
490 1816 629 1887 Tandem
646 1818 794 1902 Jupiter,
817 1841 857 1899 re,
872 1842 1007 1906 perpen-

64 1955 125 2019 sa,
154 1935 275 2010 videor¹
303 1935 407 2016 mihi,
436 1934 565 2016 inquit,
596 1935 757 2017 tationem
789 1937 1007 2018 excogitasse,

66 2072 129 2135 qua
165 2053 307 2119 desinant
328 2051 372 2117 ita
395 2049 582 2118 insolescere
610 2048 780 2131 homines,
813 2067 871 2115 nec
903 2065 1008 2136 tamen

65 2159 208 2254 pereant.
251 2167 429 2236 Dissecabo
451 2166 596 2249 singulos
618 2166 652 2232 in
671 2167 751 2237 duas,
764 2180 892 2251 partes:
915 2185 1009 2236 erunt

65 2288 111 2355 sic
141 2265 328 2355 infirmiores
359 2302 391 2353 et
418 2285 518 2367 simul¹
552 2284 647 2351 nobis
677 2285 843 2368 utiliores,
885 2288 1006 2371 quippe

65 2404 195 2471 numero
224 2407 344 2485 plures.
389 2403 442 2468 Sic
466 2401 576 2480 fatus,
605 2399 749 2481 bifarIam
777 2401 928 2468 dissecuit
947 2405 1007 2468 ho·

66 2520 192 2600 mines,
221 2518 442 2596 sanandosque
470 2534 525 2581 eos
553 2513 696 2595 Apollini
723 2515 885 2602 tradidit?
925 2517 1006 2601 Qui·

68 2638 130 2701 bus
159 2632 273 2698 festive
300 2631 470 2712 enarratis,
492 2612 658 2713 subiungit
684 2628 936 2711 Aristophanes:
960 2639 1005 2705 ἐςὶ

68 2757 104 2831 δὴ
126 2751 173 2823 οὖν
195 2753 228 2820 ἐκ
246 2753 334 2820 adrev
352 2753 367 2818 l
387 2750 456 2834 ἔρως
480 2751 615 2834 ἔμφυτος
640 2751 785 2827 ἀλλήλων
815 2760 877 2825 coia
904 2755 1013 2834 riudam.

68 2897 146 2948 aare.
190 2866 242 2933 Ab
270 2868 325 2933 hoc
348 2863 422 2932 inde
439 2848 575 2954 tempore
603 2866 734 2932 innatus
760 2879 806 2931 cst
835 2866 1006 2934 hominibus

66 3008 157 3053 aanor
186 3003 326 3053 mutuor.
370 2985 452 3050 Nam
480 2983 592 3051 divisis
618 2982 681 3050 illis
714 2981 746 3049 in
774 2983 852 3050 duas
878 3001 1014 3076 partes,

68 3122 272 3186 unaquaeque
296 3121 370 3185 pars
394 3121 486 3167 suum
517 3101 712 3184 quaeritabat
743 3102 932 3187 dimidium,
957 3105 1015 3199 ἰη-Ι

68 3235 260 3302 ventumque
281 3218 458 3286 vehementi
488 3218 596 3284 studio
628 3220 875 3303 amplexabatur.
919 3219 1005 3286 Hinc

68 3338 149 3405 mira
175 3335 228 3400 illa
256 3334 377 3414 omnia,
409 3355 487 3418 quae
517 3337 550 3401 in
582 3355 687 3403 amore
724 3336 901 3406 etiamnunc
924 3334 1017 3426 obtig

68 3469 156 3523 nent.
202 3449 338 3538 Quando
360 3449 439 3514 enim
464 3452 515 3516 cui
542 3453 723 3534 contingit,
759 3465 797 3518 ut
827 3451 859 3515 in
888 3465 1006 3534 partem

69 3573 141 3654 sui,
172 3571 204 3639 in
234 3568 285 3634 sui
319 3564 481 3632 dimidium
512 3581 543 3632 et
582 3572 734 3650 σύμβολον
765 3568 902 3649 incidat,
943 3590 1006 3636 am·

69 3690 115 3754 bo
160 3689 205 3754 illi
244 3673 478 3768 obstupescunt
502 3680 680 3762 continuo,
713 3676 888 3750 'discedere
919 3708 936 3753 a
972 3710 1015 3778 se,¹

71 3805 202 3873 invicem
236 3807 375 3884 nolunt,
431 3818 489 3865 nec
528 3799 629 3864 dicere
669 3812 808 3881 queant,
840 3801 915 3883 quid
945 3797 1016 3873 sibi*

70 3943 90 3994 a
122 3940 157 3990 se
191 3921 323 3990 invicem
349 3933 514 4004 expetant:
558 3935 624 3984 non
653 3916 733 3986 enim
766 3918 798 3985 id
825 3940 898 4008 esse,
923 3923 1017 3986 vide-

438 4108 443 4119 „
502 4037 576 4123 Ha
846 4058 850 4069 ·
954 4047 1006 4101 tur
