2618 4680
614 194 667 228 ν·-
689 178 751 243 1'16
770 194 817 232 .-

250 361 368 441 qulhlc
386 326 513 424 fuerunt
534 358 670 442 tyranni.
700 359 783 426 Nam
800 352 1026 439 Aristogitonis
1043 370 1137 424 amor
1155 370 1190 425 et

247 477 410 542 Harmodii
433 474 569 541 amicitia
595 474 725 540 firmiter
753 477 963 559 invalescens,
987 492 1100 540 eorum
1121 475 1192 543 dis·

246 595 344 658 solvit
364 591 593 678 tyrannidem.”
611 593 643 636 (¹)
664 593 708 660 Et
724 611 800 658 vero
820 611 911 673 quam
932 591 1094 656 Phaedrus
1119 596 1195 662 lau·

186 782 204 802 ,
246 711 354 792 davit,
376 729 517 794 quaeque
530 707 592 774 fuit
601 710 686 792 apud
701 709 894 790 Thebanos,
905 727 990 773 sacra
1008 722 1193 803 amatorum

246 829 386 908 cohors,
421 826 531 891 merito
561 825 612 892 illa
644 826 758 891 invicta
786 824 958 893 dicebatur.
1002 826 1038 890 ld
1062 825 1193 893 scilicet

245 960 312 1010 non
329 959 450 1011 tantum
469 942 564 1010 efficit
581 962 689 1025 arnor,
701 957 735 1008 ut
747 942 803 1024 qui
812 942 972 1008 solitarius
983 939 1088 1008 fuerat
1096 955 1192 1011 antee

248 1079 306 1126 nec
328 1061 389 1126 sihi
410 1061 593 1143 sufficiens,
615 1080 686 1126 cum
709 1061 807 1126 altero
826 1064 975 1144 jungatur
1008 1059 1190 1129 arctissima
1214 1088 1218 1093 ·

246 1178 500 1246 necessitudine:
514 1198 593 1263 quae
604 1177 756 1244 amicitiae
778 1193 826 1244 est
844 1176 922 1243 ratio
935 1197 946 1258 3
960 1174 1012 1239 sed
1022 1177 1089 1242 hoc
1112 1176 1188 1267 item

247 1299 353 1363 studet
375 1298 514 1378 efficere,
536 1311 574 1362 ut
594 1298 748 1362 coalescat
767 1310 899 1376 uterque
920 1294 1011 1376 plane
1033 1293 1068 1359 in
1091 1306 1185 1361 unam

246 1417 438 1498 eandemque
469 1429 632 1496 naturam,
660 1430 742 1478 unus
775 1412 851 1479 fiant
872 1411 928 1494 qui
943 1411 1072 1477 fucrant
1097 1413 1187 1493 duo,

249 1531 323 1596 hinc
350 1549 453 1596 autem
473 1531 555 1596 vires
585 1531 765 1613 concipiant
792 1530 957 1597 immensas
979 1543 1010 1593 et
1029 1529 1099 1594 soli
1123 1545 1187 1596 tan·

246 1662 314 1712 tum
336 1664 400 1710 non
418 1646 566 1714 omnibus
584 1647 748 1712 videantur
770 1667 873 1729 pares.
899 1647 1001 1730 Quam
1018 1646 1186 1713 admirabh

243 1766 307 1828 lem
320 1853 321 1856 Ἴ
334 1762 450 1829 amoris
476 1777 618 1829 naturam
649 1763 800 1843 exposuit
835 1763 868 1827 in
900 1763 1052 1844 singulari
1076 1765 1185 1833 libello

245 1881 431 1947 Franciscus
457 1879 735 1960 Hemsterhusius,
757 1876 789 1921 (ἢ
812 1856 957 1960 idemque
982 1882 1021 1946 ad
1044 1854 1199 1948 hominis*

244 1999 456 2082 explicandam
478 1998 614 2065 indolem
639 1997 673 2063 in
694 1994 790 2064 nullis
811 2015 876 2063 non
897 1996 1024 2080 scriptis
1045 2018 1184 2066 amorem

239 2117 377 2183 attendit
394 2116 651 2198 diligentissime:
685 2117 741 2181 sed
758 2115 868 2181 debuit
893 2116 954 2181 hoc
973 2119 1184 2199 praesertim,

239 2248 281 2294 ut
295 2231 363 2311 ipse
374 2229 540 2295 confessus
555 2244 626 2310 est,
638 2230 803 2313 symposio
824 2233 1051 2314 Xenophontis
1064 2252 1098 2302 et
1116 2240 1183 2306 Pla·

151 2373 152 2376 ¹
241 2346 350 2412 tonisr
371 2350 404 2410 ln
421 2345 531 2430 primis
540 2346 764 2430 Aristophanis
782 2349 943 2429 sermoni,
964 2349 1072 2417 faceto
1088 2355 1200 2442 ἰ11ἰεῑΙ

240 2465 388 2548 comico,
409 2466 466 2533 sed
484 2464 640 2532 interioris
659 2465 881 2550 philosophiae
897 2469 1005 2549 pleno.
1027 2471 1180 2539 Fabulam

234 2585 269 2651 is
300 2600 403 2650 narrat
428 2585 466 2651 de
497 2584 635 2652 hominis
665 2588 801 2666 naturd,
819 2584 921 2666 qualis
950 2585 1025 2653 olim
1060 2587 1179 2674 fuerit,

236 2723 397 2787 quamque
429 2702 540 2769 deinde
565 2701 699 2798 subierit
720 2703 1009 2772 commutationem.
1043 2753 1074 2788 ‚,
1095 2711 1178 2776 Nam

240 2821 339 2899 olim,
369 2819 498 2900 inquit,
531 2819 616 2884 haud
641 2819 746 2881 eadem
766 2817 847 2898 fuit,
881 2839 960 2899 quae
990 2807 1077 2888 nunc
1106 2842 1176 2906 est,

233 2935 297 2998 ‘sed
318 2933 452 2998 diversa.
495 2933 632 3001 Primum
652 2933 734 2998 enim
754 2933 814 2999 tria
837 2952 924 3002 erent
941 2938 1106 3008 hominurn
1126 2961 1179 3026 ge·

240 3066 337 3126 nera,
358 3065 424 3112 non
452 3049 536 3113 duor
560 3047 636 3113 mari
664 3063 696 3114 et
721 3047 876 3116 foeminae
904 3055 1070 3121 accedebat
1097 3059 1176 3143 mir·

239 3180 307 3233 tum
328 3177 545 3246 cultroque,
566 3167 657 3250 cujus
679 3186 794 3233 nomen
813 3187 957 3251 superest
984 3178 1174 3257 ἀνδρόγυνον.

238 3283 359 3352 Deinde
383 3281 495 3363 integri
516 3296 603 3347 erant
625 3283 695 3364 illi,
718 3283 821 3352 sormi
846 3288 1000 3369 rotundi,
1034 3307 1172 3372 quatuor

237 3400 384 3504 instructi
408 3397 573 3482 manibus,
598 3398 791 3483 totidemque
809 3401 966 3485 podibus:
991 3407 1112 3488 duplici
1141 3409 1174 3474 in

1124 3542 1174 3588 ca·

219 3672 231 3690 '
275 3669 313 3734 (1)
334 3667 428 3738 Symp.
448 3669 502 3723 18at¹
517 3669 551 3720 A.
605 3671 646 3738 (a)
672 3668 828 3729 Lettresur
854 3675 894 3728 les
921 3675 1040 3730 desirsa
1065 3669 1107 3724 M.
1123 3676 1172 3731 ne

240 3750 335 3807 Smeth
347 3756 413 3810 Vol.
434 3759 457 3813 l.
476 3777 504 3827 p.
524 3760 553 3813 61
574 3758 652 3814 Perit
671 3778 746 3834 ²79²·
945 3777 949 3784 ·

1120 3810 1158 3853 ι’,
1230 3812 1234 3817 Ι
