<?xml version="1.0" encoding="UTF-8"?>
<!DOCTYPE html PUBLIC "-//W3C//DTD XHTML 1.0 Transitional//EN"
    "http://www.w3.org/TR/xhtml1/DTD/xhtml1-transitional.dtd">
<html xmlns="http://www.w3.org/1999/xhtml" xml:lang="en" lang="en">
 <head>
  <title>
</title>
<meta http-equiv="Content-Type" content="text/html;charset=utf-8" />
  <meta name='ocr-system' content='tesseract 3.04.00' />
  <meta name='ocr-capabilities' content='ocr_page ocr_carea ocr_par ocr_line ocrx_word'/>
</head>
<body>
  <div class='ocr_page' id='page_1' title='image "./initiaphilosoph03heusgoog_0020.png"; bbox 0 0 2618 4680; ppageno 0'>
   <div class='ocr_carea' id='block_1_1' title="bbox 555 267 729 324">
    <p class='ocr_par' dir='ltr' id='par_1_1' title="bbox 555 267 729 324">
     <span class='ocr_line' id='line_1_1' title="bbox 555 267 729 324; baseline 0.006 -26"><span class='ocrx_word' id='word_1_1' title='bbox 555 267 729 324; x_wconf 57' lang='grc' dir='ltr'>...η-ι</span> 
     </span>
    </p>
   </div>
   <div class='ocr_carea' id='block_1_2' title="bbox 175 425 1107 631">
    <p class='ocr_par' dir='ltr' id='par_1_2' title="bbox 175 425 1107 631">
     <span class='ocr_line' id='line_1_2' title="bbox 177 425 1107 507; baseline -0.002 -11"><span class='ocrx_word' id='word_1_2' title='bbox 177 430 289 496; x_wconf 85' lang='lat' dir='ltr'>vanilis</span> <span class='ocrx_word' id='word_1_3' title='bbox 320 440 426 507; x_wconf 84' lang='lat' dir='ltr'>aetas,</span> <span class='ocrx_word' id='word_1_4' title='bbox 462 426 627 492; x_wconf 83' lang='lat' dir='ltr'>admiratus</span> <span class='ocrx_word' id='word_1_5' title='bbox 661 425 779 492; x_wconf 88' lang='lat' dir='ltr'>fueram</span> <span class='ocrx_word' id='word_1_6' title='bbox 810 426 936 507; x_wconf 88' lang='lat' dir='ltr'>virum,</span> <span class='ocrx_word' id='word_1_7' title='bbox 968 431 1024 495; x_wconf 84' lang='lat' dir='ltr'>sed</span> <span class='ocrx_word' id='word_1_8' title='bbox 1049 429 1107 496; x_wconf 87' lang='lat' dir='ltr'>hac</span> 
     </span>
     <span class='ocr_line' id='line_1_3' title="bbox 175 544 1107 631; baseline 0 -20"><span class='ocrx_word' id='word_1_9' title='bbox 175 550 250 613; x_wconf 86' lang='lat' dir='ltr'>item</span> <span class='ocrx_word' id='word_1_10' title='bbox 279 544 398 611; x_wconf 87' lang='lat' dir='ltr'>fueram</span> <span class='ocrx_word' id='word_1_11' title='bbox 421 545 626 611; x_wconf 84' lang='lat' dir='ltr'><strong>admiratione</strong></span> <span class='ocrx_word' id='word_1_12' title='bbox 645 559 825 610; x_wconf 89' lang='lat' dir='ltr'>contentus.</span> <span class='ocrx_word' id='word_1_13' title='bbox 871 546 995 631; x_wconf 85' lang='lat' dir='ltr'>Quodsi</span> <span class='ocrx_word' id='word_1_14' title='bbox 1015 566 1107 627; x_wconf 84' lang='lat' dir='ltr'>quao-</span> 
     </span>
    </p>
   </div>
   <div class='ocr_carea' id='block_1_3' title="bbox 68 663 1107 746">
    <p class='ocr_par' dir='ltr' id='par_1_3' title="bbox 68 663 1107 746">
     <span class='ocr_line' id='line_1_4' title="bbox 68 663 1107 746; baseline -0.001 -18"><span class='ocrx_word' id='word_1_15' title='bbox 68 708 71 713; x_wconf 86' lang='lat'>-</span> <span class='ocrx_word' id='word_1_16' title='bbox 173 666 237 746; x_wconf 92' lang='lat' dir='ltr'>ris,</span> <span class='ocrx_word' id='word_1_17' title='bbox 260 665 440 744; x_wconf 89' lang='lat' dir='ltr'>Creuzere‚</span> <span class='ocrx_word' id='word_1_18' title='bbox 471 664 571 744; x_wconf 89' lang='lat' dir='ltr'>qualis</span> <span class='ocrx_word' id='word_1_19' title='bbox 602 663 680 728; x_wconf 89' lang='lat' dir='ltr'>mihi</span> <span class='ocrx_word' id='word_1_20' title='bbox 701 677 732 729; x_wconf 89' lang='lat' dir='ltr'>et</span> <span class='ocrx_word' id='word_1_21' title='bbox 764 677 888 728; x_wconf 89' lang='lat' dir='ltr'>tumet</span> <span class='ocrx_word' id='word_1_22' title='bbox 916 678 1027 746; x_wconf 89' lang='lat' dir='ltr'>postca</span> <span class='ocrx_word' id='word_1_23' title='bbox 1053 683 1107 743; x_wconf 85' lang='lat' dir='ltr'>ap·</span> 
     </span>
    </p>
   </div>
   <div class='ocr_carea' id='block_1_4' title="bbox 66 780 1210 2734">
    <p class='ocr_par' dir='ltr' id='par_1_4' title="bbox 132 780 1142 1334">
     <span class='ocr_line' id='line_1_5' title="bbox 173 780 1105 865; baseline -0.004 -19"><span class='ocrx_word' id='word_1_24' title='bbox 173 782 311 865; x_wconf 90' lang='lat' dir='ltr'>paruerit</span> <span class='ocrx_word' id='word_1_25' title='bbox 338 781 386 846; x_wconf 92' lang='lat' dir='ltr'>vir</span> <span class='ocrx_word' id='word_1_26' title='bbox 407 800 569 846; x_wconf 89' lang='lat' dir='ltr'>summus:</span> <span class='ocrx_word' id='word_1_27' title='bbox 593 783 713 847; x_wconf 84' lang='lat' dir='ltr'>narravi</span> <span class='ocrx_word' id='word_1_28' title='bbox 731 784 769 846; x_wconf 88' lang='lat' dir='ltr'>de</span> <span class='ocrx_word' id='word_1_29' title='bbox 786 780 994 847; x_wconf 89' lang='lat' dir='ltr'>adolescentia</span> <span class='ocrx_word' id='word_1_30' title='bbox 1015 798 1105 859; x_wconf 87' lang='lat' dir='ltr'>ntea,</span> 
     </span>
     <span class='ocr_line' id='line_1_6' title="bbox 177 895 1109 984; baseline -0.006 -19"><span class='ocrx_word' id='word_1_31' title='bbox 177 919 241 980; x_wconf 92' lang='lat' dir='ltr'>quo</span> <span class='ocrx_word' id='word_1_32' title='bbox 263 899 322 964; x_wconf 93' lang='lat' dir='ltr'>tlbi</span> <span class='ocrx_word' id='word_1_33' title='bbox 348 898 526 965; x_wconf 86' lang='lat' dir='ltr'>evidentius</span> <span class='ocrx_word' id='word_1_34' title='bbox 551 912 670 980; x_wconf 87' lang='lat' dir='ltr'>pateret</span> <span class='ocrx_word' id='word_1_35' title='bbox 695 899 858 983; x_wconf 82' lang='lat' dir='ltr'>disciplina</span> <span class='ocrx_word' id='word_1_36' title='bbox 884 901 950 984; x_wconf 85' lang='lat' dir='ltr'>ejus</span> <span class='ocrx_word' id='word_1_37' title='bbox 978 895 1109 962; x_wconf 89' lang='lat' dir='ltr'>admira·</span> 
     </span>
     <span class='ocr_line' id='line_1_7' title="bbox 175 1012 1142 1099; baseline -0.003 -20"><span class='ocrx_word' id='word_1_38' title='bbox 175 1017 273 1096; x_wconf 93' lang='lat' dir='ltr'>bilis,</span> <span class='ocrx_word' id='word_1_39' title='bbox 295 1015 427 1099; x_wconf 86' lang='lat' dir='ltr'>simplex</span> <span class='ocrx_word' id='word_1_40' title='bbox 459 1015 533 1099; x_wconf 76' lang='lat' dir='ltr'>illa,</span> <span class='ocrx_word' id='word_1_41' title='bbox 547 1017 611 1082; x_wconf 76' lang='lat' dir='ltr'>aad</span> <span class='ocrx_word' id='word_1_42' title='bbox 638 1016 743 1081; x_wconf 80' lang='lat' dir='ltr'>efficax</span> <span class='ocrx_word' id='word_1_43' title='bbox 759 1019 797 1082; x_wconf 93' lang='lat' dir='ltr'>ad</span> <span class='ocrx_word' id='word_1_44' title='bbox 814 1015 951 1082; x_wconf 90' lang='lat' dir='ltr'>studium</span> <span class='ocrx_word' id='word_1_45' title='bbox 971 1012 1107 1094; x_wconf 89' lang='lat' dir='ltr'>antiqui·</span> <span class='ocrx_word' id='word_1_46' title='bbox 1138 1024 1142 1031; x_wconf 86' lang='lat'>&#39;</span> 
     </span>
     <span class='ocr_line' id='line_1_8' title="bbox 132 1111 1131 1213; baseline 0 -18"><span class='ocrx_word' id='word_1_47' title='bbox 132 1111 153 1156; x_wconf 35' lang='lat'>⁸¹</span> <span class='ocrx_word' id='word_1_48' title='bbox 175 1132 247 1196; x_wconf 90' lang='lat' dir='ltr'>tatis</span> <span class='ocrx_word' id='word_1_49' title='bbox 274 1133 308 1198; x_wconf 89' lang='lat' dir='ltr'>in</span> <span class='ocrx_word' id='word_1_50' title='bbox 332 1133 518 1198; x_wconf 90' lang='lat' dir='ltr'>discentium</span> <span class='ocrx_word' id='word_1_51' title='bbox 552 1134 661 1198; x_wconf 89' lang='lat' dir='ltr'>animis</span> <span class='ocrx_word' id='word_1_52' title='bbox 689 1132 896 1198; x_wconf 87' lang='lat' dir='ltr'>excitandum.</span> <span class='ocrx_word' id='word_1_53' title='bbox 944 1133 1131 1213; x_wconf 17' lang='lat' dir='ltr'>congrue-⁴</span> 
     </span>
     <span class='ocr_line' id='line_1_9' title="bbox 173 1248 1107 1334; baseline 0 -22"><span class='ocrx_word' id='word_1_54' title='bbox 173 1249 227 1313; x_wconf 91' lang='lat' dir='ltr'>bat</span> <span class='ocrx_word' id='word_1_55' title='bbox 246 1264 348 1315; x_wconf 90' lang='lat' dir='ltr'>autem</span> <span class='ocrx_word' id='word_1_56' title='bbox 375 1253 449 1316; x_wconf 89' lang='lat' dir='ltr'>haec</span> <span class='ocrx_word' id='word_1_57' title='bbox 474 1250 640 1332; x_wconf 88' lang='lat' dir='ltr'>disciplina</span> <span class='ocrx_word' id='word_1_58' title='bbox 661 1271 731 1315; x_wconf 87' lang='lat' dir='ltr'>cum</span> <span class='ocrx_word' id='word_1_59' title='bbox 754 1251 868 1334; x_wconf 13' lang='lat' dir='ltr'>indole,</span> <span class='ocrx_word' id='word_1_60' title='bbox 882 1248 982 1330; x_wconf 90' lang='lat' dir='ltr'>ipsius</span> <span class='ocrx_word' id='word_1_61' title='bbox 1003 1263 1033 1312; x_wconf 87' lang='lat' dir='ltr'>et</span> <span class='ocrx_word' id='word_1_62' title='bbox 1052 1267 1107 1312; x_wconf 91' lang='lat' dir='ltr'>na·</span> 
     </span>
    </p>

    <p class='ocr_par' dir='ltr' id='par_1_5' title="bbox 66 1365 1210 2734">
     <span class='ocr_line' id='line_1_10' title="bbox 170 1365 1108 1447; baseline -0.001 -19"><span class='ocrx_word' id='word_1_63' title='bbox 170 1367 326 1433; x_wconf 81' lang='lat' dir='ltr'>ruralibus</span> <span class='ocrx_word' id='word_1_64' title='bbox 353 1365 480 1432; x_wconf 87' lang='lat' dir='ltr'>studiis.</span> <span class='ocrx_word' id='word_1_65' title='bbox 523 1369 634 1446; x_wconf 90' lang='lat' dir='ltr'>Nam,</span> <span class='ocrx_word' id='word_1_66' title='bbox 655 1381 692 1430; x_wconf 89' lang='lat' dir='ltr'>ut</span> <span class='ocrx_word' id='word_1_67' title='bbox 712 1366 822 1447; x_wconf 88' lang='lat' dir='ltr'>paucis</span> <span class='ocrx_word' id='word_1_68' title='bbox 841 1368 1054 1446; x_wconf 85' lang='lat' dir='ltr'>complectar,</span> <span class='ocrx_word' id='word_1_69' title='bbox 1076 1379 1108 1427; x_wconf 87' lang='lat' dir='ltr'>ct</span> 
     </span>
     <span class='ocr_line' id='line_1_11' title="bbox 88 1457 1108 1561; baseline -0.001 -16"><span class='ocrx_word' id='word_1_70' title='bbox 88 1457 89 1461; x_wconf 7' lang='grc' dir='ltr'><strong>Ἰ</strong></span> <span class='ocrx_word' id='word_1_71' title='bbox 173 1499 265 1548; x_wconf 89' lang='lat' dir='ltr'>natus</span> <span class='ocrx_word' id='word_1_72' title='bbox 294 1483 465 1560; x_wconf 67' lang='lat' dir='ltr'>videbatur⁴</span> <span class='ocrx_word' id='word_1_73' title='bbox 484 1483 523 1544; x_wconf 91' lang='lat' dir='ltr'>ad</span> <span class='ocrx_word' id='word_1_74' title='bbox 544 1482 648 1558; x_wconf 81' lang='lat' dir='ltr'>literas</span> <span class='ocrx_word' id='word_1_75' title='bbox 683 1481 855 1554; x_wconf 85' lang='lat' dir='ltr'>tractandas</span> <span class='ocrx_word' id='word_1_76' title='bbox 876 1480 1046 1561; x_wconf 91' lang='lat' dir='ltr'>antiquas,</span> <span class='ocrx_word' id='word_1_77' title='bbox 1075 1492 1108 1544; x_wconf 79' lang='lat' dir='ltr'>et</span> 
     </span>
     <span class='ocr_line' id='line_1_12' title="bbox 124 1569 1107 1676; baseline -0.002 -14"><span class='ocrx_word' id='word_1_78' title='bbox 124 1643 133 1653; x_wconf 72' lang='lat'><strong>„</strong></span> <span class='ocrx_word' id='word_1_79' title='bbox 175 1599 225 1662; x_wconf 89' lang='lat' dir='ltr'>his</span> <span class='ocrx_word' id='word_1_80' title='bbox 255 1571 421 1660; x_wconf 84' lang='lat' dir='ltr'>tractandis</span> <span class='ocrx_word' id='word_1_81' title='bbox 450 1588 538 1676; x_wconf 86' lang='lat' dir='ltr'>quasi</span> <span class='ocrx_word' id='word_1_82' title='bbox 559 1595 707 1676; x_wconf 90' lang='lat' dir='ltr'>antiquus</span> <span class='ocrx_word' id='word_1_83' title='bbox 733 1614 801 1659; x_wconf 87' lang='lat' dir='ltr'>csse</span> <span class='ocrx_word' id='word_1_84' title='bbox 822 1569 937 1661; x_wconf 82' lang='lat' dir='ltr'>factus.</span> <span class='ocrx_word' id='word_1_85' title='bbox 986 1592 1039 1659; x_wconf 86' lang='lat' dir='ltr'>Sic</span> <span class='ocrx_word' id='word_1_86' title='bbox 1066 1594 1107 1660; x_wconf 81' lang='lat' dir='ltr'>iis</span> 
     </span>
     <span class='ocr_line' id='line_1_13' title="bbox 171 1711 1106 1796; baseline -0.001 -19"><span class='ocrx_word' id='word_1_87' title='bbox 171 1734 188 1777; x_wconf 89' lang='lat' dir='ltr'>a</span> <span class='ocrx_word' id='word_1_88' title='bbox 213 1733 311 1796; x_wconf 89' lang='lat' dir='ltr'>puero</span> <span class='ocrx_word' id='word_1_89' title='bbox 342 1711 403 1777; x_wconf 88' lang='lat' dir='ltr'>fuit</span> <span class='ocrx_word' id='word_1_90' title='bbox 431 1712 595 1792; x_wconf 89' lang='lat' dir='ltr'>imbutus,</span> <span class='ocrx_word' id='word_1_91' title='bbox 617 1728 652 1776; x_wconf 86' lang='lat' dir='ltr'>ut</span> <span class='ocrx_word' id='word_1_92' title='bbox 677 1712 832 1796; x_wconf 90' lang='lat' dir='ltr'>quicquid</span> <span class='ocrx_word' id='word_1_93' title='bbox 855 1713 994 1792; x_wconf 91' lang='lat' dir='ltr'>diceret,</span> <span class='ocrx_word' id='word_1_94' title='bbox 1018 1712 1106 1793; x_wconf 56' lang='lat' dir='ltr'>quic,</span> 
     </span>
     <span class='ocr_line' id='line_1_14' title="bbox 169 1829 1105 1914; baseline 0.002 -20"><span class='ocrx_word' id='word_1_95' title='bbox 169 1831 248 1912; x_wconf 90' lang='lat' dir='ltr'>quid</span> <span class='ocrx_word' id='word_1_96' title='bbox 273 1829 445 1910; x_wconf 77' lang='lat' dir='ltr'>scriberet,</span> <span class='ocrx_word' id='word_1_97' title='bbox 468 1830 622 1914; x_wconf 87' lang='lat' dir='ltr'>quicquid</span> <span class='ocrx_word' id='word_1_98' title='bbox 641 1832 717 1902; x_wconf 89' lang='lat' dir='ltr'>adeo</span> <span class='ocrx_word' id='word_1_99' title='bbox 736 1831 916 1912; x_wconf 83' lang='lat' dir='ltr'>cogitaret,</span> <span class='ocrx_word' id='word_1_100' title='bbox 938 1830 1105 1911; x_wconf 85' lang='lat' dir='ltr'>antiquum</span> 
     </span>
     <span class='ocr_line' id='line_1_15' title="bbox 170 1945 1144 2027; baseline -0.003 -15"><span class='ocrx_word' id='word_1_101' title='bbox 170 1947 298 2012; x_wconf 90' lang='lat' dir='ltr'>habetet</span> <span class='ocrx_word' id='word_1_102' title='bbox 312 1949 476 2027; x_wconf 87' lang='lat' dir='ltr'>colorem,</span> <span class='ocrx_word' id='word_1_103' title='bbox 498 1967 538 2011; x_wconf 86' lang='lat' dir='ltr'>ex</span> <span class='ocrx_word' id='word_1_104' title='bbox 558 1945 625 2027; x_wconf 90' lang='lat' dir='ltr'>ipsa</span> <span class='ocrx_word' id='word_1_105' title='bbox 650 1947 805 2012; x_wconf 85' lang='lat' dir='ltr'>uideretur</span> <span class='ocrx_word' id='word_1_106' title='bbox 829 1947 1012 2027; x_wconf 82' lang='lat' dir='ltr'>antiquitate</span> <span class='ocrx_word' id='word_1_107' title='bbox 1031 1966 1106 2026; x_wconf 87' lang='lat' dir='ltr'>pro·</span> <span class='ocrx_word' id='word_1_108' title='bbox 1142 2005 1144 2009; x_wconf 81' lang='grc'>,</span> 
     </span>
     <span class='ocr_line' id='line_1_16' title="bbox 170 2063 1104 2155; baseline 0.001 -28"><span class='ocrx_word' id='word_1_109' title='bbox 170 2063 306 2155; x_wconf 50' lang='grc' dir='ltr'>ἱεςῑυιη,</span> <span class='ocrx_word' id='word_1_110' title='bbox 344 2064 458 2131; x_wconf 87' lang='lat' dir='ltr'>Latine</span> <span class='ocrx_word' id='word_1_111' title='bbox 474 2063 662 2144; x_wconf 89' lang='lat' dir='ltr'>loquebatur</span> <span class='ocrx_word' id='word_1_112' title='bbox 681 2065 714 2127; x_wconf 91' lang='lat' dir='ltr'>in</span> <span class='ocrx_word' id='word_1_113' title='bbox 731 2063 922 2128; x_wconf 90' lang='lat' dir='ltr'>lectionibus</span> <span class='ocrx_word' id='word_1_114' title='bbox 943 2063 1104 2146; x_wconf 90' lang='lat' dir='ltr'>publicis,</span> 
     </span>
     <span class='ocr_line' id='line_1_17' title="bbox 170 2165 1210 2269; baseline 0 -23"><span class='ocrx_word' id='word_1_115' title='bbox 170 2197 205 2246; x_wconf 94' lang='lat' dir='ltr'>ut</span> <span class='ocrx_word' id='word_1_116' title='bbox 228 2203 284 2269; x_wconf 77' lang='lat' dir='ltr'>sua</span> <span class='ocrx_word' id='word_1_117' title='bbox 309 2181 443 2264; x_wconf 90' lang='lat' dir='ltr'>quisque</span> <span class='ocrx_word' id='word_1_118' title='bbox 469 2181 575 2266; x_wconf 85' lang='lat' dir='ltr'>lingua</span> <span class='ocrx_word' id='word_1_119' title='bbox 603 2181 694 2263; x_wconf 91' lang='lat' dir='ltr'>loqui</span> <span class='ocrx_word' id='word_1_120' title='bbox 721 2184 828 2262; x_wconf 87' lang='lat' dir='ltr'>solet:</span> <span class='ocrx_word' id='word_1_121' title='bbox 862 2180 926 2246; x_wconf 90' lang='lat' dir='ltr'>imo</span> <span class='ocrx_word' id='word_1_122' title='bbox 960 2201 1035 2245; x_wconf 91' lang='lat' dir='ltr'>vero</span> <span class='ocrx_word' id='word_1_123' title='bbox 1069 2196 1105 2247; x_wconf 85' lang='lat' dir='ltr'>ut</span> <span class='ocrx_word' id='word_1_124' title='bbox 1207 2165 1210 2174; x_wconf 71' lang='grc'><strong>’</strong></span> 
     </span>
     <span class='ocr_line' id='line_1_18' title="bbox 170 2298 1105 2382; baseline 0.001 -19"><span class='ocrx_word' id='word_1_125' title='bbox 170 2301 262 2381; x_wconf 91' lang='lat' dir='ltr'>pauci</span> <span class='ocrx_word' id='word_1_126' title='bbox 288 2300 475 2380; x_wconf 87' lang='lat' dir='ltr'>loquuntur.</span> <span class='ocrx_word' id='word_1_127' title='bbox 520 2301 602 2364; x_wconf 89' lang='lat' dir='ltr'>Nam</span> <span class='ocrx_word' id='word_1_128' title='bbox 631 2298 731 2364; x_wconf 88' lang='lat' dir='ltr'>oratio</span> <span class='ocrx_word' id='word_1_129' title='bbox 765 2298 881 2365; x_wconf 90' lang='lat' dir='ltr'>fluebat</span> <span class='ocrx_word' id='word_1_130' title='bbox 904 2319 1007 2382; x_wconf 90' lang='lat' dir='ltr'>pura,</span> <span class='ocrx_word' id='word_1_131' title='bbox 1035 2299 1105 2364; x_wconf 61' lang='lat' dir='ltr'>lime</span> 
     </span>
     <span class='ocr_line' id='line_1_19' title="bbox 170 2415 1105 2497; baseline -0.003 -17"><span class='ocrx_word' id='word_1_132' title='bbox 170 2417 264 2497; x_wconf 89' lang='lat' dir='ltr'>pida,</span> <span class='ocrx_word' id='word_1_133' title='bbox 286 2435 475 2495; x_wconf 90' lang='lat' dir='ltr'>numerosa,</span> <span class='ocrx_word' id='word_1_134' title='bbox 498 2415 857 2496; x_wconf 25' lang='lat' dir='ltr'>luminibusrdistincta</span> <span class='ocrx_word' id='word_1_135' title='bbox 880 2417 977 2481; x_wconf 90' lang='lat' dir='ltr'>nullis</span> <span class='ocrx_word' id='word_1_136' title='bbox 1000 2415 1105 2496; x_wconf 61' lang='lat' dir='ltr'>inqui</span> 
     </span>
     <span class='ocr_line' id='line_1_20' title="bbox 66 2501 1151 2621; baseline 0.002 -27"><span class='ocrx_word' id='word_1_137' title='bbox 66 2501 83 2577; x_wconf 63' lang='lat'>,¹</span> <span class='ocrx_word' id='word_1_138' title='bbox 171 2549 242 2595; x_wconf 90' lang='lat' dir='ltr'>nata</span> <span class='ocrx_word' id='word_1_139' title='bbox 268 2531 451 2601; x_wconf 78' lang='lat' dir='ltr'>recentioris</span> <span class='ocrx_word' id='word_1_140' title='bbox 483 2532 549 2593; x_wconf 86' lang='lat' dir='ltr'>aevi</span> <span class='ocrx_word' id='word_1_141' title='bbox 580 2531 752 2596; x_wconf 80' lang='lat' dir='ltr'>sordibus:</span> <span class='ocrx_word' id='word_1_142' title='bbox 794 2547 825 2596; x_wconf 80' lang='lat' dir='ltr'>et</span> <span class='ocrx_word' id='word_1_143' title='bbox 856 2533 973 2621; x_wconf 76' lang='lat' dir='ltr'>fluebat</span> <span class='ocrx_word' id='word_1_144' title='bbox 1015 2533 1106 2613; x_wconf 84' lang='lat' dir='ltr'>quasi</span> <span class='ocrx_word' id='word_1_145' title='bbox 1148 2616 1151 2621; x_wconf 32' lang='lat'><em>‚</em></span> 
     </span>
     <span class='ocr_line' id='line_1_21' title="bbox 171 2636 1106 2734; baseline -0.002 -23"><span class='ocrx_word' id='word_1_146' title='bbox 171 2661 286 2734; x_wconf 87' lang='lat' dir='ltr'>sponte</span> <span class='ocrx_word' id='word_1_147' title='bbox 317 2664 396 2725; x_wconf 93' lang='lat' dir='ltr'>sua,</span> <span class='ocrx_word' id='word_1_148' title='bbox 418 2657 455 2709; x_wconf 91' lang='lat' dir='ltr'>ut</span> <span class='ocrx_word' id='word_1_149' title='bbox 484 2644 560 2724; x_wconf 89' lang='lat' dir='ltr'>quld</span> <span class='ocrx_word' id='word_1_150' title='bbox 586 2657 668 2707; x_wconf 91' lang='lat' dir='ltr'>esset</span> <span class='ocrx_word' id='word_1_151' title='bbox 686 2644 828 2709; x_wconf 87' lang='lat' dir='ltr'>dicturus</span> <span class='ocrx_word' id='word_1_152' title='bbox 856 2649 909 2709; x_wconf 88' lang='lat' dir='ltr'>uel</span> <span class='ocrx_word' id='word_1_153' title='bbox 929 2636 990 2726; x_wconf 83' lang='lat' dir='ltr'>q&#39;ua</span> <span class='ocrx_word' id='word_1_154' title='bbox 1010 2645 1106 2710; x_wconf 53' lang='lat' dir='ltr'>ratio,</span> 
     </span>
    </p>
   </div>
   <div class='ocr_carea' id='block_1_5' title="bbox 59 2759 1142 2860">
    <p class='ocr_par' dir='ltr' id='par_1_6' title="bbox 59 2759 1142 2860">
     <span class='ocr_line' id='line_1_22' title="bbox 59 2759 1142 2860; baseline 0.005 -31"><span class='ocrx_word' id='word_1_155' title='bbox 59 2838 63 2847; x_wconf 30' lang='lat'>¹</span> <span class='ocrx_word' id='word_1_156' title='bbox 170 2783 235 2860; x_wconf 57' lang='lat' dir='ltr'>ne,</span> <span class='ocrx_word' id='word_1_157' title='bbox 256 2760 349 2828; x_wconf 90' lang='lat' dir='ltr'>haud·</span> <span class='ocrx_word' id='word_1_158' title='bbox 374 2761 512 2845; x_wconf 87' lang='lat' dir='ltr'>cogitare</span> <span class='ocrx_word' id='word_1_159' title='bbox 532 2759 703 2826; x_wconf 87' lang='lat' dir='ltr'>videretur.</span> <span class='ocrx_word' id='word_1_160' title='bbox 747 2761 793 2826; x_wconf 93' lang='lat' dir='ltr'>Et</span> <span class='ocrx_word' id='word_1_161' title='bbox 823 2776 926 2828; x_wconf 86' lang='lat' dir='ltr'>tamen</span> <span class='ocrx_word' id='word_1_162' title='bbox 955 2761 1001 2827; x_wconf 92' lang='lat' dir='ltr'>nil</span> <span class='ocrx_word' id='word_1_163' title='bbox 1023 2763 1105 2829; x_wconf 53' lang='lat' dir='ltr'>desi,</span> <span class='ocrx_word' id='word_1_164' title='bbox 1139 2827 1142 2834; x_wconf 91' lang='lat'>.</span> 
     </span>
    </p>
   </div>
   <div class='ocr_carea' id='block_1_6' title="bbox 156 2870 1104 3552">
    <p class='ocr_par' dir='ltr' id='par_1_7' title="bbox 156 2870 1104 3552">
     <span class='ocr_line' id='line_1_23' title="bbox 168 2870 1103 2964; baseline 0 -16"><span class='ocrx_word' id='word_1_165' title='bbox 168 2870 332 2948; x_wconf 73' lang='lat' dir='ltr'>durabatur</span> <span class='ocrx_word' id='word_1_166' title='bbox 356 2882 394 2946; x_wconf 90' lang='lat' dir='ltr'>ad</span> <span class='ocrx_word' id='word_1_167' title='bbox 426 2880 593 2945; x_wconf 87' lang='lat' dir='ltr'>verborum</span> <span class='ocrx_word' id='word_1_168' title='bbox 620 2880 868 2962; x_wconf 83' lang='lat' dir='ltr'>proprietatem,</span> <span class='ocrx_word' id='word_1_169' title='bbox 900 2883 1103 2964; x_wconf 85' lang='lat' dir='ltr'>elegantiam,</span> 
     </span>
     <span class='ocr_line' id='line_1_24' title="bbox 168 2979 1103 3084; baseline 0.003 -20"><span class='ocrx_word' id='word_1_170' title='bbox 168 2979 390 3084; x_wconf 86' lang='lat' dir='ltr'>disputationis</span> <span class='ocrx_word' id='word_1_171' title='bbox 423 2998 576 3064; x_wconf 89' lang='lat' dir='ltr'>ordinem.</span> <span class='ocrx_word' id='word_1_172' title='bbox 621 2998 692 3072; x_wconf 88' lang='lat' dir='ltr'>Nec</span> <span class='ocrx_word' id='word_1_173' title='bbox 725 2991 897 3066; x_wconf 82' lang='lat' dir='ltr'>haesitabat</span> <span class='ocrx_word' id='word_1_174' title='bbox 928 3021 1103 3084; x_wconf 88' lang='lat' dir='ltr'>umquam,</span> 
     </span>
     <span class='ocr_line' id='line_1_25' title="bbox 169 3102 1103 3199; baseline 0.005 -20"><span class='ocrx_word' id='word_1_175' title='bbox 169 3116 198 3179; x_wconf 90' lang='lat' dir='ltr'>si</span> <span class='ocrx_word' id='word_1_176' title='bbox 222 3133 270 3179; x_wconf 89' lang='lat' dir='ltr'>res</span> <span class='ocrx_word' id='word_1_177' title='bbox 298 3115 496 3179; x_wconf 88' lang='lat' dir='ltr'>declarandae</span> <span class='ocrx_word' id='word_1_178' title='bbox 522 3129 577 3181; x_wconf 86' lang='lat' dir='ltr'>aut</span> <span class='ocrx_word' id='word_1_179' title='bbox 605 3115 823 3199; x_wconf 86' lang='lat' dir='ltr'>significandae</span> <span class='ocrx_word' id='word_1_180' title='bbox 849 3134 954 3184; x_wconf 88' lang='lat' dir='ltr'>essent</span> <span class='ocrx_word' id='word_1_181' title='bbox 980 3102 1103 3198; x_wconf 85' lang='lat' dir='ltr'>novae,</span> 
     </span>
     <span class='ocr_line' id='line_1_26' title="bbox 171 3229 1103 3313; baseline 0.009 -20"><span class='ocrx_word' id='word_1_182' title='bbox 171 3229 310 3309; x_wconf 89' lang='lat' dir='ltr'>antiquis</span> <span class='ocrx_word' id='word_1_183' title='bbox 338 3231 485 3313; x_wconf 85' lang='lat' dir='ltr'>ignotae,</span> <span class='ocrx_word' id='word_1_184' title='bbox 507 3249 563 3296; x_wconf 90' lang='lat' dir='ltr'>nec</span> <span class='ocrx_word' id='word_1_185' title='bbox 592 3232 744 3300; x_wconf 87' lang='lat' dir='ltr'>habentes</span> <span class='ocrx_word' id='word_1_186' title='bbox 772 3234 886 3300; x_wconf 82' lang='lat' dir='ltr'>iccirco</span> <span class='ocrx_word' id='word_1_187' title='bbox 907 3255 1023 3302; x_wconf 88' lang='lat' dir='ltr'>nomen</span> <span class='ocrx_word' id='word_1_188' title='bbox 1041 3236 1103 3301; x_wconf 53' lang='lat' dir='ltr'>La,</span> 
     </span>
     <span class='ocr_line' id='line_1_27' title="bbox 169 3345 1104 3435; baseline 0.011 -25"><span class='ocrx_word' id='word_1_189' title='bbox 169 3345 283 3411; x_wconf 86' lang='lat' dir='ltr'>tinum.</span> <span class='ocrx_word' id='word_1_190' title='bbox 326 3345 384 3408; x_wconf 94' lang='lat' dir='ltr'>Nil</span> <span class='ocrx_word' id='word_1_191' title='bbox 413 3348 597 3416; x_wconf 87' lang='lat' dir='ltr'>occurrebat</span> <span class='ocrx_word' id='word_1_192' title='bbox 627 3351 706 3432; x_wconf 89' lang='lat' dir='ltr'>quin</span> <span class='ocrx_word' id='word_1_193' title='bbox 734 3352 963 3435; x_wconf 85' lang='lat' dir='ltr'>significaretur</span> <span class='ocrx_word' id='word_1_194' title='bbox 981 3368 1053 3434; x_wconf 89' lang='lat' dir='ltr'>apte</span> <span class='ocrx_word' id='word_1_195' title='bbox 1073 3369 1104 3420; x_wconf 80' lang='lat' dir='ltr'>et</span> 
     </span>
     <span class='ocr_line' id='line_1_28' title="bbox 156 3460 1100 3552; baseline 0.014 -26"><span class='ocrx_word' id='word_1_196' title='bbox 156 3460 335 3546; x_wconf 85' lang='lat' dir='ltr'>perspicue</span> <span class='ocrx_word' id='word_1_197' title='bbox 362 3463 586 3551; x_wconf 87' lang='lat' dir='ltr'>declararetur,</span> <span class='ocrx_word' id='word_1_198' title='bbox 628 3484 664 3534; x_wconf 91' lang='lat' dir='ltr'>ut</span> <span class='ocrx_word' id='word_1_199' title='bbox 702 3471 801 3536; x_wconf 92' lang='lat' dir='ltr'>veluti</span> <span class='ocrx_word' id='word_1_200' title='bbox 838 3469 940 3534; x_wconf 90' lang='lat' dir='ltr'>oculis</span> <span class='ocrx_word' id='word_1_201' title='bbox 969 3485 1100 3552; x_wconf 88' lang='lat' dir='ltr'>pateret.</span> 
     </span>
    </p>
   </div>
   <div class='ocr_carea' id='block_1_7' title="bbox 65 3579 1102 3676">
    <p class='ocr_par' dir='ltr' id='par_1_8' title="bbox 65 3579 1102 3676">
     <span class='ocr_line' id='line_1_29' title="bbox 65 3579 1102 3676; baseline 0.014 -33"><span class='ocrx_word' id='word_1_202' title='bbox 65 3652 71 3665; x_wconf 46' lang='grc'>,</span> <span class='ocrx_word' id='word_1_203' title='bbox 170 3580 253 3645; x_wconf 91' lang='lat' dir='ltr'>Nam</span> <span class='ocrx_word' id='word_1_204' title='bbox 279 3579 311 3644; x_wconf 90' lang='lat' dir='ltr'>in</span> <span class='ocrx_word' id='word_1_205' title='bbox 337 3581 478 3646; x_wconf 90' lang='lat' dir='ltr'>docendo</span> <span class='ocrx_word' id='word_1_206' title='bbox 503 3585 577 3650; x_wconf 89' lang='lat' dir='ltr'>haec</span> <span class='ocrx_word' id='word_1_207' title='bbox 599 3587 767 3671; x_wconf 86' lang='lat' dir='ltr'>singularis</span> <span class='ocrx_word' id='word_1_208' title='bbox 788 3590 936 3669; x_wconf 88' lang='lat' dir='ltr'>quaedam</span> <span class='ocrx_word' id='word_1_209' title='bbox 958 3591 1025 3676; x_wconf 86' lang='lat' dir='ltr'>ejus</span> <span class='ocrx_word' id='word_1_210' title='bbox 1044 3591 1102 3657; x_wconf 86' lang='lat' dir='ltr'>dos</span> 
     </span>
    </p>
   </div>
   <div class='ocr_carea' id='block_1_8' title="bbox 171 3698 1105 3910">
    <p class='ocr_par' dir='ltr' id='par_1_9' title="bbox 171 3698 1105 3910">
     <span class='ocr_line' id='line_1_30' title="bbox 172 3698 1105 3791; baseline 0.016 -32"><span class='ocrx_word' id='word_1_211' title='bbox 172 3711 259 3779; x_wconf 79' lang='lat' dir='ltr'>erat,</span> <span class='ocrx_word' id='word_1_212' title='bbox 282 3698 490 3780; x_wconf 85' lang='lat' dir='ltr'>perspicuitas</span> <span class='ocrx_word' id='word_1_213' title='bbox 511 3721 651 3785; x_wconf 87' lang='lat' dir='ltr'>summa,</span> <span class='ocrx_word' id='word_1_214' title='bbox 671 3708 724 3772; x_wconf 89' lang='lat' dir='ltr'>cui</span> <span class='ocrx_word' id='word_1_215' title='bbox 748 3705 905 3772; x_wconf 85' lang='lat' dir='ltr'>tribuebat</span> <span class='ocrx_word' id='word_1_216' title='bbox 923 3707 1012 3776; x_wconf 86' lang='lat' dir='ltr'>etiam</span> <span class='ocrx_word' id='word_1_217' title='bbox 1035 3706 1105 3791; x_wconf 85' lang='lat' dir='ltr'>plu·</span> 
     </span>
     <span class='ocr_line' id='line_1_31' title="bbox 171 3811 1104 3910; baseline 0.013 -34"><span class='ocrx_word' id='word_1_218' title='bbox 171 3811 294 3908; x_wconf 71' lang='lat' dir='ltr'>rimam.</span> <span class='ocrx_word' id='word_1_219' title='bbox 339 3816 482 3885; x_wconf 86' lang='lat' dir='ltr'>Solebam</span> <span class='ocrx_word' id='word_1_220' title='bbox 506 3818 672 3888; x_wconf 87' lang='lat' dir='ltr'>identidem</span> <span class='ocrx_word' id='word_1_221' title='bbox 702 3823 787 3890; x_wconf 86' lang='lat' dir='ltr'>dorni</span> <span class='ocrx_word' id='word_1_222' title='bbox 818 3840 985 3910; x_wconf 88' lang='lat' dir='ltr'>reputare,</span> <span class='ocrx_word' id='word_1_223' title='bbox 1024 3845 1104 3906; x_wconf 85' lang='lat' dir='ltr'>quae</span> 
     </span>
    </p>
   </div>
   <div class='ocr_carea' id='block_1_9' title="bbox 1070 3957 1102 4011">
    <p class='ocr_par' dir='ltr' id='par_1_10' title="bbox 1070 3957 1102 4011">
     <span class='ocr_line' id='line_1_32' title="bbox 1070 3957 1102 4011; baseline 0 0"><span class='ocrx_word' id='word_1_224' title='bbox 1070 3957 1102 4011; x_wconf 82' lang='lat'>111</span> 
     </span>
    </p>
   </div>
   <div class='ocr_carea' id='block_1_10' title="bbox 0 0 1314 4680">
    <p class='ocr_par' dir='ltr' id='par_1_11' title="bbox 0 0 1314 4680">
     <span class='ocr_line' id='line_1_33' title="bbox 0 0 1314 4680; baseline 0 0"><span class='ocrx_word' id='word_1_225' title='bbox 0 0 1314 4680; x_wconf 95' lang='lat' dir='ltr'> </span> 
     </span>
    </p>
   </div>
  </div>
 </body>
</html>
