2618 4680
622 227 672 304 :-
693 263 733 322 24
754 270 802 300 -r

243 429 277 499 in
305 427 373 510 pari
398 426 458 493 vel
477 421 573 491 simili
607 417 817 506 simplicitatis
850 417 1088 500 venustatisque
1110 432 1183 486 stus·

245 545 325 625 dio,
353 542 560 610 contendebat
588 541 695 608 altius.
739 537 874 607 Amabat
910 537 964 604 ille
993 536 1186 602 stnvitatem.

246 661 532 744 Xenophonteam3
573 658 629 725 sed
659 655 849 738 sequebatur
885 656 1065 722 Platonem:
1099 659 1181 736 μετ’

245 781 354 863 lxaia
377 784 488 863 βαῖνε
512 782 617 848 θεοῖο.
663 774 766 861 Quam
795 773 932 842 nativam
957 770 1019 838 viri
1044 770 1187 845 indolem¹

245 909 354 961 omnes
372 906 567 976 agnoscunt,
590 890 698 975 quiet
722 889 838 974 scripta
858 891 926 974 ejus
944 890 1055 969 legunt
1079 900 1109 953 et
1132 885 1186 968 ip·

245 1029 319 1077 sum
352 1010 549 1081 audiverunt.
608 1007 735 1090 Spirant
766 1006 819 1076 illa
852 1005 1047 1074 Platonicum
1070 1002 1184 1086 quid,

163 1182 165 1190 s
248 1126 337 1208 quod
353 1145 418 1194 non
438 1126 471 1190 in
490 1124 595 1191 verbis
616 1139 647 1192 et
669 1123 862 1193 dictionibus
884 1123 1047 1202 cernitur,
1068 1139 1126 1188 nec
1148 1120 1184 1188 in

246 1241 457 1323 imaginibus,
478 1238 786 1322 comparationibus,
801 1256 905 1320 neque
921 1239 1012 1303 etiam
1030 1236 1063 1301 in
1082 1235 1185 1302 forma

246 1357 385 1440 dialogi,
406 1377 498 1440 quam
520 1356 685 1440 usurpavit
704 1355 893 1438 aliquoties:
928 1357 1003 1424 baec
1032 1353 1183 1420 imitando

245 1473 318 1555 quis
346 1472 546 1555 assequitur;
569 1473 626 1540 sed
647 1473 772 1550 intuto
796 1473 948 1545 orationis
971 1472 1105 1553 habitu,
1127 1469 1184 1552 qui

245 1604 314 1656 tum
345 1589 476 1657 maxime
510 1588 695 1656 Ciceronem
724 1589 844 1671 refert,
888 1590 1013 1670 quando
1051 1587 1185 1657 maxime

245 1705 360 1777 Cicero
400 1706 559 1772 Platonem
592 1705 758 1788 expressit.
823 1706 894 1773 Nec
933 1724 1011 1770 vero
1045 1706 1185 1771 sedata

240 1839 336 1907 opera
360 1821 575 1891 conformasse
601 1821 727 1888 videtur
749 1821 791 1888 ad
816 1820 956 1890 Platonis
989 1819 1177 1901 exemplum.

242 1938 327 2010 Nam
364 1953 525 2021 quotquot
556 1937 663 2006 audivi
697 1938 842 2006 homines
873 1939 913 2005 de
946 1935 1184 2020 Wyttenbachii

243 2055 372 2138 scriptis
391 2057 588 2142 judicantes:
621 2058 793 2144 etmultos
821 2055 953 2137 audivi,
983 2068 1104 2135 aetate,
1136 2053 1186 2120 in-

246 2171 362 2252 genio,
399 2171 511 2237 studiis
549 2168 801 2253 dissimillimos,
833 2171 891 2238 hac
924 2171 959 2236 in
992 2189 1027 2236 re
1054 2170 1186 2237 maxime

210 2317 212 2321 v
246 2286 424 2351 consentire
447 2288 611 2354 universos
635 2289 726 2370 vidi,
751 2285 990 2374 Wyttenbachii
1008 2286 1184 2372 ‘orationem

246 2420 312 2471 non
344 2420 413 2470 esse
446 2405 707 2487 Ciceronianam,
739 2407 791 2472 vcl
813 2405 842 2471 si
865 2405 945 2470 velis
967 2403 1181 2483 Platonicam,

243 2521 302 2587 sed
325 2522 662 2605 Wyttenbachianam,
695 2523 717 2588 i.
733 2542 770 2596 e.
794 2521 899 2606 ipsum
925 2519 1042 2590 referre
1076 2535 1185 2587 aucto-

247 2658 336 2721 rem,
361 2654 396 2706 ut
424 2641 508 2708 hunc
531 2663 569 2708 ex
592 2640 739 2722 dicendi,
763 2639 939 2720 sentiendi,
958 2638 1118 2724 judicandi
1140 2658 1189 2706 ra·

249 2755 337 2829 tione
354 2758 401 2823 sic
420 2778 649 2840 agnoscamus,
672 2757 780 2841 prouti
799 2778 837 2823 ex
857 2758 950 2823 vultu
969 2773 1000 2821 et
1020 2757 1187 2831 lineamen-

247 2871 292 2941 tis
318 2873 448 2936 amicos.
502 2874 627 2952 Nempe
647 2889 712 2936 non
730 2871 870 2939 alienum
897 2887 962 2941 erat
990 2873 1192 2946 Platonicum.

248 2986 349 3066 illud,
372 2988 460 3067 quod
478 2987 587 3053 studio
609 2987 809 3069 adscivissit‚
833 2992 890 3055 sed
910 3004 974 3059 erat
992 2989 1054 3071 ipsi
1075 2993 1189 3055 natural

246 3102 423 3186 proprium.
468 3104 565 3189 Quod
588 3103 717 3188 patebat
738 3106 870 3172 maxime
890 3107 922 3171 in
945 3106 1028 3174 vitae
1055 3123 1194 3172 consue-

247 3218 376 3301 tudine,
411 3219 444 3286 in
474 3220 644 3286 amicorum
667 3222 917 3305 congressibus,
951 3225 984 3289 in
1013 3224 1193 3290 rusticatio·

252 3337 371 3427 nibus,
393 3335 684 3419 ambulationibus,
707 3340 740 3404 in
762 3340 878 3421 quibus
911 3342 1067 3427 deponere
1087 3346 1194 3410 solent

253 3454 418 3535 homines,
460 3453 490 3520 si
525 3454 602 3535 quid
633 3455 764 3522 habeant
786 3457 944 3542 alienum,
991 3459 1189 3542 quaesitum,

252 3568 453 3650 affectatum,
487 3585 542 3651 et,
583 3571 611 3635 si
651 3573 776 3655 quando
817 3575 918 3656 alias,
961 3573 1118 3655 prodeunt
1153 3583 1193 3636 ut

253 3700 356 3766 sunt,
377 3705 442 3751 non
466 3702 502 3754 ut
526 3687 625 3758 videri
651 3691 776 3756 volunt.
820 3692 856 3758 In
888 3692 936 3756 his
959 3704 1028 3750 eum
1052 3684 1190 3764 cognovi

256 3799 412 3877 bominem
432 3803 631 3889 iucundum,
655 3802 816 3888 facetum,
838 3817 984 3896 acutum,
1006 3798 1190 3876 referentem

1132 3936 1191 3988 no·
