2618 4680
502 253 677 318 κη’-4

129 420 229 489 facere
251 418 344 485 nobis
368 419 420 484 rel
445 419 555 482 tollere
591 416 774 483 studemusa
814 418 858 484 ita
881 419 932 486 ille
956 418 1058 486 incre·

130 543 217 609 dibili
245 538 360 605 duetus
391 537 586 619 antiquitatis
621 537 841 618 admiratione,
882 555 946 602 non
980 537 1059 602 satis

128 658 259 727 habebat
279 658 381 739 legere
393 656 562 738 scriptores
581 655 728 736 antiquos
746 668 778 720 et
797 654 963 719 admirari:
984 664 1061 735 pro·⁴

126 777 224 843 cessit
236 762 350 859 sponte
370 773 410 839 ad
428 771 651 855 expediendum
667 784 699 835 et
712 770 950 852 illustrandum,
972 769 1062 850 quod

126 895 162 959 in
184 893 225 958 iis
251 906 334 957 esset
354 890 536 973 impeditum
556 903 611 953 aut
624 888 812 954 obscurum:
834 889 874 952 ad
895 887 1062 952 emendan-

130 999 225 1091 dum,
248 1008 374 1090 siquid
392 1007 586 1088 corruptelae
603 1020 705 1072 tractu
721 1005 871 1086 temporis
888 1003 1063 1071 contraris·

131 1138 224 1192 sent:
247 1139 317 1191 tum
332 1143 407 1190 vero
428 1125 467 1189 ad
490 1123 662 1189 tollendum
680 1133 713 1186 et
734 1119 942 1206 eiiciendum,
971 1119 1069 1200 quid--

133 1243 210 1324 quid
238 1243 272 1308 in
296 1242 334 1308 iis
362 1239 605 1323 deprehenderet
634 1226 821 1303 alienumet
848 1235 1061 1318 suppositum.

132 1358 207 1443 Quo
230 1358 301 1440 ipse
331 1377 366 1422 se
396 1355 486 1420 fateri
516 1355 638 1418 solebat
662 1352 832 1416 accessisse
865 1369 931 1414 non
963 1351 1067 1416 laudis

135 1471 265 1550 studio,
287 1471 344 1533 sed
357 1468 643 1548 maximeipsarum
659 1483 768 1530 caussa
786 1465 964 1547 literarum,
988 1462 1071 1548 quas'

135 1603 248 1667 nempe
268 1599 401 1664 amaret,
423 1583 602 1664 quibusque
616 1580 768 1664 prodesse
792 1582 942 1649 studeret.
994 1583 1064 1650 Nec

133 1721 210 1770 vero
243 1702 394 1768 exantlare
420 1699 492 1780 quis
517 1698 633 1783 possit·
647 1710 697 1765 tot
723 1699 796 1766 illos
823 1713 853 1764 et
882 1713 988 1765 tantos
1022 1702 1068 1767 lt·

134 1817 246 1900 bores,
279 1833 358 1900 quot
381 1816 554 1899 quantique
589 1815 781 1900 suscipiendi
815 1831 890 1883 suut
920 1817 1067 1898 Critico,

133 1935 196 2002 nisi
209 1996 211 2000 .
222 1953 327 2001 amore
353 1933 482 1998 ducatur
500 1933 696 2014 literarum,
729 1948 766 1998 ut
794 1934 902 2016 prouti
921 1942 1067 1999 iamantes

136 2071 194 2136 pro
218 2052 347 2132 amatis,
374 2052 420 2117 sic
439 2052 506 2133 ipse
524 2068 584 2134 pro
608 2049 694 2117 hisce
712 2050 831 2117 deliciis
855 2051 925 2117 suis·
941 2050 987 2116 nil
1003 2057 1072 2117 norr'

136 2169 288 2237 sustineat
316 2184 348 2234 et
372 2169 494 2258 perpeti
519 2183 551 2234 et
578 2168 737 2255 perficere.
787 2169 979 2236 criticorum
1003 2167 1071 2236 fere

137 2288 247 2354 misera
274 2286 336 2353 fuit
365 2287 452 2367 vita,
474 2285 503 2354 si
522 2304 682 2354 sermones
711 2286 880 2370 accipimus
914 2287 1002 2370 vulgi
1038 2298 1071 2352 et

137 2405 301 2472 hominum
330 2404 518 2486 vulgarium.
567 2405 612 2469 Et
637 2420 714 2468 sane
732 2421 871 2485 magnam
896 2404 979 2470 vitae
1000 2396 1072 2487 par-²

137 2535 202 2586 tem
217 2520 396 2600 transigunt
408 2517 499 2581 libris
515 2519 655 2597 legendis
669 2534 778 2598 parum
795 2520 936 2584 venustis
958 2520 1073 2585 Gram-

140 2635 348 2714 maticorum,
375 2630 573 2711 Rhetorum,
596 2633 862 2712 Scholiascarum,
885 2633 1076 2716 Lenicogra-
1184 2662 1187 2671 ¹

140 2750 294 2833 phorum:
316 2745 479 2812 codicibus
504 2745 718 2828 excutiendis,
736 2748 973 2832 comparandis,
1002 2768 1076 2816 cen·

140 2867 246 2933 sendis
275 2865 382 2934 MSS:
427 2865 636 2947 inquirendo,
669 2864 870 2947 meditando,
901 2868 1074 2950 et,‘quod

141 2985 312 3067 pessimum
343 2997 411 3063 est,
442 2981 559 3050 frustra
592 2998 815 3066 saepenumero
844 2985 1076 3054 molestissimis

141 3099 331 3184 perferendis
346 3081 531 3164 laboribus.
576 3098 671 3164 Haud
697 3102 798 3168 dulcia
827 3103 902 3168 haec
928 3104 1077 3171 uidentur

143 3215 355 3295 mulierculis,
384 3232 441 3281 nec
462 3216 646 3298 elegantulis
675 3218 765 3284 etiarn
794 3219 998 3299 hominibus,
1020 3208 1102 3300 qul·

79 3387 80 3391 ,
143 3333 273 3398 istarum
294 3332 409 3412 instar,
436 3334 553 3401 leviora
581 3347 713 3401 tractant
740 3348 771 3401 et
798 3334 954 3402 suaviora.
1006 3333 1078 3398 Nee

144 3447 240 3514 nobis
267 3443 434 3529 profecto,
457 3451 633 3534 Creuzere,
664 3442 739 3518 haec
763 3453 867 3518 omnia
889 3466 945 3534 per
972 3467 1006 3515 se
1030 3449 1081 3518 vi·

146 3567 275 3631 deantur
296 3581 482 3648 magnopere
502 3569 684 3650 expetenda.
716 3569 784 3634 lmo
805 3569 898 3632 mirer
919 3568 1080 3652 equidem,

147 3682 176 3750 si
204 3683 306 3749 laudis
336 3682 515 3766 gloriaeque
541 3685 679 3751 studium
709 3703 807 3749 unum
839 3683 1014 3767 sufficeret,
1045 3699 1083 3754 ut

145 3795 280 3866 vitasse
299 3796 378 3884 quis
390 3797 528 3884 privaret
546 3800 763 3890 voluptatibus
780 3843 807 3884 ,.
823 3819 982 3871 aerumnas
1011 3803 1083 3867 has·

605 3915 633 3985 B
1046 3929 1084 3983 ce
