2618 4680
511 221 696 304 '‘a-aee·-

136 406 268 472 Platone
288 399 520 486 philosophiam
550 416 694 467 omnem:
726 395 871 485 idemque
887 406 1000 474 eidem
1027 406 1080 479 faa.

133 521 251 586 cilitate
274 519 427 604 Logicam
450 519 580 603 scripsit
602 540 639 585 ex
661 520 799 603 antiquis
829 520 971 590 fontibus
995 526 1072 591 duc·

131 651 195 704 tam
208 648 305 720 ,qua
327 636 443 704 librum
465 638 729 704 commentabatur
752 641 911 706 Plutarchi
933 636 970 706 de
999 662 1072 709 rara

131 757 269 820 numinis
286 753 439 822 uindicta.
464 747 508 820 Et
530 770 606 820 vero
630 770 667 820 ut
694 775 803 824 versus
827 756 1073 838 contemnebat,

131 873 241 937 saltem
261 888 327 935 non
348 882 535 954 magnopere
564 864 769 941 admirabatur
793 880 981 957 podatum,
1013 874 1071 957 qui

131 1003 253 1073 praeter
286 998 438 1055 sonorum
462 989 654 1056 suavitatem
683 991 763 1056 nihil
793 993 968 1075 haberent,
1002 1012 1073 1076 quo

131 1112 169 1168 se
196 1095 472 1186 commenda-tent,
505 1104 549 1173 ita
571 1110 681 1190 po‘e'tas
720 1123 852 1186 omnes,
886 1108 919 1172 in
951 1108 1069 1188 quibus

129 1231 203 1286 v'era
224 1214 342 1288 inesset
364 1222 542 1291 sublimitas
567 1238 599 1288 et
618 1224 667 1289 vis
693 1223 823 1290 omnino
852 1222 1073 1306 philosophiae

129 1338 302 1420 quaedam,
336 1339 396 1403 hos
424 1338 470 1404 sic
502 1331 733 1419 admirabatur,
767 1336 813 1402 sic
849 1336 1071 1420 interpretaba-

131 1467 208 1534 tur,
239 1465 276 1520 ut
306 1452 423 1535 pauci,
458 1453 602 1534 quamuis
638 1453 700 1536 ipsi
735 1459 859 1536 poetae.
903 1455 1013 1536 Itaque
1036 1453 1069 1524 in

132 1566 215 1633 odis
247 1568 448 1648 horatianis,
481 1579 517 1632 ut
536 1569 605 1650 ipse
631 1582 682 1632 nte
702 1584 808 1633 coram
832 1561 990 1635 fatebatur
1020 1570 1071 1636 ln·

129 1693 252 1766 genus,
272 1682 463 1752 satisfecerat
483 1683 548 1750 sibi
565 1685 701 1750 subinde
718 1685 798 1751 loris
817 1686 1010 1755 illustrandis
1029 1707 1069 1754 ert

127 1799 322 1868 Graecorum
361 1800 533 1889 lyricorum
573 1802 764 1876 carminibus
800 1817 832 1871 et
861 1796 1067 1887 fragmentis,
1098 1850 1103 1871 f

125 1931 263 2000 quorum
284 1916 336 1986 vis
358 1910 502 1983 latuisset
533 1918 634 1984 adhuc
657 1910 854 2001 interpretes.
908 1921 1000 2006 Quae
1029 1930 1075 1986 ut

125 2034 295 2116 aliquando
318 2048 337 2098 e
358 2033 417 2099 viri
448 2033 550 2103 MSS.
582 2029 616 2098 in
643 2036 745 2102 lucem
763 2028 913 2114 edanum,
926 2048 967 2104 'et
988 2038 1073 2117 poe·

126 2161 198 2218 seor
221 2162 254 2217 et
278 2151 427 2218 mnarum
449 2127 610 2216 literarum
649 2169 760 2221 caussa
786 2151 985 2220 vehementer
1008 2170 1071 2237 op-;

124 2283 239 2336 tamus.

166 2381 378 2450 Ruhnkenius
398 2380 641 2468 Xenophontem
663 2386 790 2468 ingenio
810 2376 984 2467 referebam
1008 2387 1072 2451 sed-

126 2499 394 2583 Wyttenbachius
415 2503 590 2568 Platonem.
634 2503 696 2566 Est
717 2502 838 2567 scilicet
868 2503 1074 2586 ingeniorum-

126 2617 219 2683 etiam
240 2615 387 2698 cognatio
407 2616 581 2696 quaedam,
605 2634 684 2695 quae
706 2635 856 2682 sensuum
874 2618 1071 2683 studiorum·

126 2753 191 2815 que
220 2731 423 2802 similitudine
454 2731 659 2797 continetur:
698 2741 748 2796 res
783 2748 858 2796 sane·
875 2731 1066 2816 ‘mirabilisq

124 2861 187 2934 qua
220 2849 256 2915 fit
276 2862 524 2934 saepenumero,
556 2841 593 2916 ut
619 2847 672 2914 alii
704 2847 737 2913 in
767 2846 898 2914 aliorum
932 2851 1066 2934 vestigia-

123 2968 281 3034 incurrant
304 2981 442 3051 sponte,
465 2966 608 3048 quamvis
637 2980 668 3031 et
692 2965 867 3047 regionum
886 2981 917 3032 et
933 2981 1069 3051 ,tempo--

122 3104 192 3154 tum
215 3085 377 3151 intervallo
399 3102 493 3166 quam
513 3083 697 3167 longissime
716 3082 780 3149 sint
800 3081 962 3167 disjuncti.
1009 3085 1070 3154 Sic.

124 3213 238 3281 sponte
272 3201 515 3282 Xenophontem
547 3199 736 3281 sequebatur
779 3199 989 3264 Ruhnkenius
1031 3216 1067 3266 eu

125 3327 287 3397 quotquot
306 3316 431 3397 ingenio
451 3317 524 3383 cu'rn
555 3317 767 3400 Xenophonte
796 3328 902 3384 essent
921 3315 1064 3398 cognatis
1150 3297 1152 3302 ¹

123 3431 409 3516 Philosophabatur
442 3435 515 3500 it'em
552 3435 707 3514 eleganter
744 3446 776 3498 et
808 3445 875 3497 turn
904 3431 1063 3514 maxime,

125 3551 251 3634 quando
284 3548 411 3615 minime
440 3549 634 3645 videbatur,
682 3549 715 3614 in
756 3545 923 3613 scribendo
958 3567 991 3614 v.
1025 3570 1057 3615 o.

124 3667 356 3737 Hemsterhusii
380 3665 521 3748 Elegio,
544 3669 636 3749 plane
655 3679 700 3732 ut,
721 3663 899 3743 Xenophon
919 3664 952 3732 itt
983 3668 1061 3735 scri-

125 3785 224 3874 benda
250 3783 471 3874 curtegradu.-
511 3783 573 3848 Sed
602 3779 855 3864 wyttenbachii·
871 3774 1061 3870 iigenium,

169 3938 172 3946 ,
568 3899 636 3984 lla
1025 3898 1058 3964 in
