2618 4680
555 277 756 339 *109⁹*

195 423 279 490 Nam
303 424 413 508 juveni
441 421 519 504 quid
544 424 642 503 magis
663 423 854 505 uberiusque
875 427 995 510 prosit,
1029 443 1122 509 quam

197 553 314 607 amator
330 539 460 619 bonus,
483 539 534 602 vei
554 538 684 603 amatori
695 562 713 636 ’,Ι
729 557 822 619 quam
840 540 944 607 bonus
967 541 1123 621 amasius,

195 654 339 737 equidem
364 672 431 720 non
467 655 602 737 reperio,
647 656 744 739 Quod
777 656 859 721 enim
893 658 1003 723 ducere
1032 659 1126 724 debet
1228 722 1235 737 ,

194 772 339 869 homines
364 792 421 856 per
445 785 543 837 totam
571 772 688 853 vitam,
722 789 882 856 quotquot
908 775 1035 856 quidem
1068 777 1127 840 ho-

192 905 282 956 neste
312 903 389 956 sunt
418 890 553 972 victuri,
586 891 665 958 illud
691 908 747 954 nec
777 909 875 972 genus
902 911 960 957 nec
989 892 1127 957 honores

128 1048 132 1054 -
183 1026 251 1073 -nec
275 1007 405 1073 divitiae
434 1025 490 1073 nec
531 1007 590 1074 alia
620 1009 859 1092 qualiacumque
896 1022 959 1076 tam
988 1002 1127 1093 possunt
1178 996 1183 1005 ’
1215 1012 1218 1017 ’

192 1128 350 1210 praeclare
375 1124 516 1208 efficere,
542 1146 634 1210 quam
654 1127 769 1192 Amor.
813 1124 903 1211 Quid
926 1141 1027 1190 autem
1048 1126 1128 1190 iliud

194 1242 295 1309 dico?
324 1248 388 1322 Tit
419 1248 469 1313 ἐπὶ
492 1250 548 1327 μὲν
578 1248 639 1319 ’τοῖς
661 1250 799 1328 αἰσχραῖς
819 1245 986 1327 αἰσχύναν,
1020 1246 1068 1312 ἐπὶ
1097 1250 1128 1314 ii

194 1371 255 1436 τοῖς
291 1373 395 1434 κακοῖς
419 1363 616 1442 φιλοτιμίαν.
660 1359 816 1424 Pudorem
855 1359 927 1425 dico
966 1360 1000 1423 in
1037 1360 1129 1426 rebus

196 1476 345 1559 turpibus
374 1489 406 1539 et
438 1476 472 1539 in
504 1474 646 1544 honestis
676 1477 925 1543 aemulationem.
960 1477 1042 1542 Nam
1062 1476 1130 1541 sine

199 1591 249 1657 his
277 1591 345 1657 fieri
367 1591 569 1657 nuilo'modo
596 1607 724 1674 potest,
747 1607 782 1657 ut
803 1596 853 1658 vei
868 1593 977 1660 civitas
1007 1595 1058 1660 vei
1084 1592 1131 1659 ci·

198 1708 248 1774 vis
275 1727 382 1791 magna
410 1711 479 1776 edat
499 1724 529 1774 et
560 1709 677 1773 nobilia
699 1709 847 1776 facinora.
892 1712 1004 1777 Statuo
1040 1711 1130 1792 equi·

194 1827 284 1906 dem,
307 1826 408 1892 virum
429 1825 485 1907 qui
506 1839 611 1907 amat,
636 1825 663 1891 si
680 1843 772 1911 turpe
789 1827 867 1909 quid
886 1830 937 1894 vel
966 1828 1034 1911 ipse
1056 1848 1127 1910 per·

192 1942 295 2024 egisse
325 1942 595 2025 deprehendatur,
617 1944 668 2008 vel
696 1963 807 2023 passus
833 1945 872 2008 ab
899 1947 959 2009 aiio
998 1965 1054 2026 per
1081 1946 1128 2026 ig-

192 2055 313 2126 navium
335 2077 402 2123 non
426 2058 514 2151 uitus
541 2075 632 2139 esse,
659 2057 887 2139 deprehensum
907 2059 940 2122 in
960 2079 999 2122 eo
1017 2059 1084 2123 sive
1110 2079 1128 2124 a
1168 2040 1173 2051 ⁸

190 2192 298 2260 patre,
322 2176 387 2243 sive
410 2175 448 2241 ab
474 2175 603 2256 amicis,
628 2175 696 2241 sive
721 2173 760 2238 ab
776 2175 839 2239 aiio
858 2175 1022 2256 quolibet,
1045 2176 1129 2251 haud

189 2309 311 2360 tantum
338 2293 410 2376 angi
440 2313 474 2358 ae
506 2294 633 2373 dolere,
667 2309 819 2372 quantum
855 2291 894 2357 ab
920 2292 1060 2358 amasio:
1095 2305 1127 2356 et

188 2411 305 2494 pariter
330 2410 480 2476 amasium
496 2409 638 2474 videmus
665 2424 734 2473 tum
767 2410 950 2473 crubescere
973 2411 1127 2489 maxime,
1172 2462 1174 2471 .

192 2527 318 2607 quando
356 2524 389 2587 in
418 2523 504 2603 turpi
527 2507 660 2603 'negotio
688 2523 726 2585 ab
763 2523 954 2593 amatoribus
985 2524 1027 2588 sit
1050 2538 1126 2588 con-

192 2654 334 2722 spectus.
379 2638 418 2702 Si
435 2637 532 2716 igitur
556 2655 621 2716 quo
651 2653 742 2716 pacto
763 2639 912 2701 exsistere
937 2640 988 2702 vei
1015 2641 1126 2706 civitas

191 2768 303 2839 posset
320 2754 371 2819 vel
392 2746 548 2816 exercitus
569 2765 739 2816 amatorum
762 2766 794 2815 et
812 2752 1020 2824 amasiorum:
1044 2756 1128 2822 haud

144 2907 149 2915 ι
191 2873 271 2939 tatio
308 2886 376 2954 est,
421 2891 484 2955 qua
516 2857 627 2935 melius
661 2869 695 2934 hi
729 2890 778 2935 res
819 2889 891 2935 suas
923 2870 1125 2955 ordinarent,

189 2992 283 3077 quam
299 2991 493 3057 abstinentes
510 3009 527 3054 a
558 2988 705 3071 turpibus
735 2986 882 3052 omnibus
903 3001 933 3053 et
954 3009 1059 3057 secum
1078 2993 1126 3058 in-

187 3109 287 3173 vicem
308 3108 515 3175 aemulatione
531 3107 778 3172 contendentes:
803 3122 834 3173 et
856 3127 930 3173 sane
948 3120 1123 3193 pugnantes

190 3242 252 3288 una
278 3228 355 3291 tales
384 3226 494 3309 cives,
517 3223 677 3289 vincerent
703 3223 814 3303 facile,
837 3226 928 3307 pauci
949 3229 1040 3290 etiam
1066 3247 1125 3291 nu-

190 3356 303 3420 mero,
330 3343 516 3426 universos,
555 3355 592 3407 ut
620 3340 665 3406 ita
696 3343 820 3421 dicam,
844 3340 1001 3404 homines.
1034 3348 1125 3424 Ἐρῶν

171 3460 251 3541 ’γαρ
267 3458 338 3540 ανὴρ
357 3460 412 3527 ὑπὸ
437 3462 580 3527 παιδικῶν
603 3463 757 3544 &epidaurii
779 3462 871 3526 λιπὼν
894 3459 980 3536 adiu
1003 3460 1019 3536 i
1039 3458 1122 3528 ἔκλα

170 3577 376 3656 καταβαλὼν,
415 3570 501 3649 ἧττον
531 3575 569 3641 ἄν
595 3578 689 3652 δήπου
718 3575 836 3652 δέξαιτο
863 3577 880 3650 ἥ
918 3576 975 3640 ὑπὸ
1003 3577 1122 3648 παντων

178 3699 246 3758 τῶν
278 3691 395 3763 ἄλλων
426 3690 477 3755 καὶ
502 3691 560 3769 μὴν
593 3692 812 3767 ἐγκαταλιπεῖν
850 3712 888 3767 γε
925 3694 966 3759 rai
996 3697 1121 3764 παιδικὰ

191 3808 271 3908 itai
296 3810 440 3890 βοηθῆσαι
466 3806 679 3879 κινδυνεύοντι,
701 3792 756 3886 τινα
780 3807 883 3880 τούτου
914 3812 1048 3882 τεθνάναι
1080 3815 1119 3901 αν

1048 3942 1123 3996 παλ·
