2618 4658
561 254 745 300 *us-204

181 413 291 492 tiens,
321 415 353 478 in
377 400 509 498 epistola
532 413 681 497 scripsit:
714 415 776 478 nisi
806 414 883 474 mihi
914 409 1118 480 tremorem

179 534 267 610 sius,
313 531 541 596 Valckenarius
571 532 689 616 alie'que
719 531 829 594 summi
858 528 991 592 homiues
1019 529 1116 594 uerba

178 647 277 728 derat,
303 647 410 715 uideor
428 653 463 713 in
483 650 537 714 hoc
557 649 727 713 literarum
745 665 859 730 genere
879 642 1006 729 aliquid
1011 627 1016 641 ¹
1018 660 1115 731 pree-

180 777 290 844 stare,
330 763 414 850 quod
432 782 529 853 prope
559 764 774 848 Bentlejonum
792 765 845 827 sit.
890 761 972 827 Mox
1001 759 1029 824 ei
1049 761 1117 842 pla·

180 881 248 944 cuit
278 882 394 946 candor
416 896 447 945 et
471 881 619 964 elegantia
649 877 896 964 Xenophontis,
918 891 950 943 et
972 876 1005 941 in
1027 875 1117 941 Lati-

177 995 232 1060 nis
255 995 464 1079 scriptoribus
489 998 734 1080 Xenophonteae
752 995 925 1061 venustatis
948 995 1116 1073 aemulus,

180 1112 352 1178 Cornelius
376 1114 508 1194 Nepost
532 1129 625 1196 quem
648 1111 731 1178 forte
754 1125 924 1193 utrumque
943 1107 1116 1192 edidisset,

180 1227 244 1294 nisi
270 1230 510 1296 antevenissent
534 1231 639 1313 ipsum
669 1229 734 1296 alii.
790 1229 873 1295 Nam
897 1243 961 1292 erat
983 1227 1017 1291 in
1045 1226 1117 1292 viro

178 1345 346 1412 acerrimus
369 1347 471 1430 pulcri
492 1347 683 1430 venustique
711 1364 845 1413 sensus:
879 1357 967 1409 totus
991 1356 1057 1407 erat
1077 1341 1120 1408 ad

181 1463 402 1530 humanitatem
438 1479 469 1530 et
503 1463 690 1546 exquisitam
729 1463 893 1546 quamdam
937 1458 1118 1544 elegantiam

180 1579 403 1658 compositus:
428 1581 593 1642 videbatur
615 1584 707 1659 plane
726 1584 803 1643 alter
827 1578 1030 1660 Xenophon,
1053 1593 1121 1639 cer·

181 1706 215 1756 te
250 1691 297 1756 sic
330 1695 441 1757 natura
476 1692 597 1756 amabat
625 1691 762 1758 Atticam
790 1692 872 1756 illam
896 1693 1049 1770 Musam,
1083 1706 1121 1757 ut

180 1809 251 1894 ejus
295 1808 480 1874 suavitatem
513 1807 546 1873 in
578 1807 726 1873 omnibus
758 1805 886 1890 scriptis
920 1806 1119 1889 exprimeret.

178 1925 290 2006 Itaque
312 1925 346 1990 in
368 1924 507 2008 legendis
530 1924 738 2010 scriptoribus
761 1923 899 2007 antiquis
922 1924 1004 1989 illud
1023 1923 1121 1989 admi·

179 2041 306 2108 sabatur
327 2044 484 2125 maxime,
519 2045 607 2126 quod
634 2057 762 2110 naturae
781 2042 1042 2127 incorruptaeque
1065 2061 1120 2107 ve·

179 2161 314 2225 nustatis
345 2161 445 2225 veluti
474 2167 592 2231 adare
620 2158 761 2225 referret.
805 2160 903 2246 Quod
922 2175 1051 2225 secutus
1083 2158 1118 2223 in

179 2274 291 2360 primis
312 2277 456 2342 tractavit
478 2283 612 2360 politas,
635 2276 826 2356 historicos,
851 2275 1029 2340 Socraticos
1047 2277 1120 2359 phi·

179 2395 360 2477 losophos,
393 2409 557 2477 oratores3
593 2409 624 2460 et
649 2394 695 2459 sic
728 2393 869 2476 regnavit
891 2394 924 2457 in
946 2394 1118 2458 literarum
1207 2419 1209 2424 ·

178 2527 210 2577 et
242 2513 458 2599 eloquentiae,
497 2527 535 2578 ut
565 2511 833 2596 Wyttenbachius
858 2509 892 2575 in
908 2510 1119 2596 philosophiae

178 2630 323 2696 historie.
368 2631 513 2697 Accessit
543 2629 688 2716 deinceps
720 2631 759 2697 ad
786 2629 973 2708 Platonem,
1007 2624 1120 2691 sedin

177 2748 363 2828 philosophi
386 2749 512 2830 scriptis
536 2748 582 2812 sic
606 2764 654 2812 est
684 2760 852 2823 uersatus,
887 2759 924 2809 ut
946 2742 1046 2825 ipsius
1069 2742 1119 2808 in·

127 2928 129 2933 ,
178 2859 267 2923 doles
291 2858 432 2923 ferebat:
456 2859 640 2939 exquirebat
662 2872 757 2920 voces
789 2854 1007 2933 dictionesque
1040 2859 1119 2936 poli·

176 2973 255 3037 titas
280 2990 310 3037 ct
333 2973 563 3055 elegantiores,
587 2989 717 3052 quarum
742 2983 830 3035 tanto
865 2969 971 3033 studio
1000 2970 1117 3036 ductus

178 3101 253 3168 est,
293 3103 330 3154 ut
357 3089 470 3154 lubens
504 3089 593 3154 etiam
615 3091 730 3172 legeret
751 3085 907 3168 sequioris
928 3087 996 3152 aevi
1019 3087 1119 3171 scrip·

111 3238 114 3243 ·
179 3219 265 3270 tores
290 3218 321 3270 et
343 3221 446 3290 patres
467 3205 543 3271 adeo
564 3204 736 3286 ccclesiae,
758 3223 840 3285 quos
865 3202 953 3287 ipsos
976 3224 1040 3271 non
1063 3226 1118 3272 ve-

178 3323 339 3388 hementer
361 3322 502 3403 amabat,
536 3322 593 3387 scd
626 3324 742 3405 legeret
764 3321 824 3386 hos
846 3320 1015 3404 lubenter,
1045 3324 1119 3405 quia

177 3436 319 3506 Platonis
351 3453 546 3505 venustatem
584 3439 669 3504 omni
700 3440 935 3521 opportunitate
966 3440 1116 3505 imitando

177 3556 396 3636 exprimerent.
451 3557 562 3624 Edidit
595 3557 640 3622 ita
676 3539 798 3622 Timaei
832 3555 1115 3637 commentarium,

178 3671 235 3752 qui
270 3673 453 3738 ediscendus
482 3688 530 3738 est
560 3674 733 3753 omnibus,
764 3673 821 3756 qui
842 3674 943 3754 legere
973 3689 1045 3735 cum
1068 3670 1117 3736 in·

178 3786 262 3870 genii
285 3789 441 3876 animique
461 3789 572 3860 ‘fructu
595 3793 755 3869 Platonem
778 3788 887 3859 velint.
931 3789 1015 3856 Nam
1032 3789 1118 3857 viam

1048 3904 1114 3968 =hic
