<?xml version="1.0" encoding="UTF-8"?>
<!DOCTYPE html PUBLIC "-//W3C//DTD XHTML 1.0 Transitional//EN"
    "http://www.w3.org/TR/xhtml1/DTD/xhtml1-transitional.dtd">
<html xmlns="http://www.w3.org/1999/xhtml" xml:lang="en" lang="en">
 <head>
  <title>
</title>
<meta http-equiv="Content-Type" content="text/html;charset=utf-8" />
  <meta name='ocr-system' content='tesseract 3.04.00' />
  <meta name='ocr-capabilities' content='ocr_page ocr_carea ocr_par ocr_line ocrx_word'/>
</head>
<body>
  <div class='ocr_page' id='page_1' title='image "./initiaphilosoph03heusgoog_0095.png"; bbox 0 0 2618 4680; ppageno 0'>
   <div class='ocr_carea' id='block_1_1' title="bbox 177 338 1129 2064">
    <p class='ocr_par' dir='ltr' id='par_1_1' title="bbox 177 338 1129 2064">
     <span class='ocr_line' id='line_1_1' title="bbox 177 338 1124 426; baseline -0.003 -19"><span class='ocrx_word' id='word_1_1' title='bbox 177 356 238 407; x_wconf 80' lang='lat' dir='ltr'><strong>cst.</strong></span> <span class='ocrx_word' id='word_1_2' title='bbox 283 338 386 407; x_wconf 85' lang='lat' dir='ltr'><strong>Tenet</strong></span> <span class='ocrx_word' id='word_1_3' title='bbox 412 340 496 407; x_wconf 88' lang='lat' dir='ltr'><strong>hunc</strong></span> <span class='ocrx_word' id='word_1_4' title='bbox 521 344 625 407; x_wconf 87' lang='lat' dir='ltr'><strong>iocum</strong></span> <span class='ocrx_word' id='word_1_5' title='bbox 644 340 860 426; x_wconf 64' lang='grc' dir='ltr'><strong><em>ἤὶχρυμιτὲς</em></strong></span> <span class='ocrx_word' id='word_1_6' title='bbox 877 364 912 407; x_wconf 75' lang='grc' dir='ltr'><strong>τε</strong></span> <span class='ocrx_word' id='word_1_7' title='bbox 934 338 987 405; x_wconf 75' lang='lat' dir='ltr'><strong>ui</strong></span> <span class='ocrx_word' id='word_1_8' title='bbox 1010 340 1124 421; x_wconf 67' lang='lat' dir='ltr'><strong>aivxar-</strong></span> 
     </span>
     <span class='ocr_line' id='line_1_2' title="bbox 179 451 1125 544; baseline -0.001 -18"><span class='ocrx_word' id='word_1_9' title='bbox 179 458 308 541; x_wconf 69' lang='lat' dir='ltr'><strong>uairtsoc</strong></span> <span class='ocrx_word' id='word_1_10' title='bbox 329 462 379 527; x_wconf 74' lang='lat' dir='ltr'><strong>cai</strong></span> <span class='ocrx_word' id='word_1_11' title='bbox 405 462 526 544; x_wconf 67' lang='lat' dir='ltr'><strong>duania</strong></span> <span class='ocrx_word' id='word_1_12' title='bbox 545 464 632 529; x_wconf 64' lang='lat' dir='ltr'><strong>atala</strong></span> <span class='ocrx_word' id='word_1_13' title='bbox 650 462 739 534; x_wconf 71' lang='lat' dir='ltr'><strong>larue</strong></span> <span class='ocrx_word' id='word_1_14' title='bbox 757 458 849 532; x_wconf 75' lang='grc' dir='ltr'><em>οὖσι,</em></span> <span class='ocrx_word' id='word_1_15' title='bbox 871 455 904 520; x_wconf 85' lang='lat' dir='ltr'><strong>id</strong></span> <span class='ocrx_word' id='word_1_16' title='bbox 926 451 1018 536; x_wconf 77' lang='lat' dir='ltr'><strong>quod</strong></span> <span class='ocrx_word' id='word_1_17' title='bbox 1040 470 1125 517; x_wconf 70' lang='lat' dir='ltr'><strong>vere</strong></span> 
     </span>
     <span class='ocr_line' id='line_1_3' title="bbox 179 567 1125 653; baseline -0.002 -16"><span class='ocrx_word' id='word_1_18' title='bbox 179 588 229 639; x_wconf 86' lang='lat' dir='ltr'><strong>est</strong></span> <span class='ocrx_word' id='word_1_19' title='bbox 247 592 305 639; x_wconf 89' lang='lat' dir='ltr'><strong>nec</strong></span> <span class='ocrx_word' id='word_1_20' title='bbox 319 576 457 641; x_wconf 84' lang='lat' dir='ltr'><strong>colorem</strong></span> <span class='ocrx_word' id='word_1_21' title='bbox 478 589 532 640; x_wconf 88' lang='lat' dir='ltr'><strong>aut</strong></span> <span class='ocrx_word' id='word_1_22' title='bbox 548 574 682 641; x_wconf 89' lang='lat' dir='ltr'><strong>formam</strong></span> <span class='ocrx_word' id='word_1_23' title='bbox 699 574 794 639; x_wconf 85' lang='lat' dir='ltr'><strong>habet</strong></span> <span class='ocrx_word' id='word_1_24' title='bbox 813 590 871 638; x_wconf 87' lang='lat' dir='ltr'><strong>nec</strong></span> <span class='ocrx_word' id='word_1_25' title='bbox 898 585 986 637; x_wconf 86' lang='lat' dir='ltr'><strong>tactu</strong></span> <span class='ocrx_word' id='word_1_26' title='bbox 1013 567 1125 653; x_wconf 80' lang='lat' dir='ltr'><strong>perti·</strong></span> 
     </span>
     <span class='ocr_line' id='line_1_4' title="bbox 177 688 1126 775; baseline -0.001 -24"><span class='ocrx_word' id='word_1_27' title='bbox 177 688 287 772; x_wconf 86' lang='lat' dir='ltr'><strong>pitur,</strong></span> <span class='ocrx_word' id='word_1_28' title='bbox 321 692 377 757; x_wconf 89' lang='lat' dir='ltr'><strong>sed</strong></span> <span class='ocrx_word' id='word_1_29' title='bbox 404 692 443 756; x_wconf 90' lang='lat' dir='ltr'><strong>ab</strong></span> <span class='ocrx_word' id='word_1_30' title='bbox 475 696 537 756; x_wconf 77' lang='lat' dir='ltr'><strong>nnn</strong></span> <span class='ocrx_word' id='word_1_31' title='bbox 568 692 711 775; x_wconf 82' lang='lat' dir='ltr'>conspici</span> <span class='ocrx_word' id='word_1_32' title='bbox 741 705 844 756; x_wconf 88' lang='lat' dir='ltr'><strong>rnente</strong></span> <span class='ocrx_word' id='word_1_33' title='bbox 871 701 1000 772; x_wconf 83' lang='lat' dir='ltr'><strong>potest‚·</strong></span> <span class='ocrx_word' id='word_1_34' title='bbox 1035 704 1126 769; x_wconf 82' lang='lat' dir='ltr'><strong>quae</strong></span> 
     </span>
     <span class='ocr_line' id='line_1_5' title="bbox 177 805 1126 892; baseline 0.001 -22"><span class='ocrx_word' id='word_1_35' title='bbox 177 806 301 891; x_wconf 85' lang='lat' dir='ltr'><strong>aurigae</strong></span> <span class='ocrx_word' id='word_1_36' title='bbox 322 807 419 871; x_wconf 88' lang='lat' dir='ltr'><strong>instar</strong></span> <span class='ocrx_word' id='word_1_37' title='bbox 432 807 568 873; x_wconf 90' lang='lat' dir='ltr'><strong>animum</strong></span> <span class='ocrx_word' id='word_1_38' title='bbox 585 809 756 892; x_wconf 80' lang='lat' dir='ltr'>gubernat:</span> <span class='ocrx_word' id='word_1_39' title='bbox 780 808 843 873; x_wconf 91' lang='lat' dir='ltr'><strong>illic</strong></span> <span class='ocrx_word' id='word_1_40' title='bbox 858 808 919 872; x_wconf 86' lang='lat' dir='ltr'><strong>hoc</strong></span> <span class='ocrx_word' id='word_1_41' title='bbox 938 805 1031 870; x_wconf 86' lang='lat' dir='ltr'><strong>adest</strong></span> <span class='ocrx_word' id='word_1_42' title='bbox 1055 821 1126 871; x_wconf 77' lang='lat' dir='ltr'><strong>una</strong></span> 
     </span>
     <span class='ocr_line' id='line_1_6' title="bbox 179 922 1127 1009; baseline 0.009 -23"><span class='ocrx_word' id='word_1_43' title='bbox 179 941 251 987; x_wconf 86' lang='lat' dir='ltr'><strong>curn</strong></span> <span class='ocrx_word' id='word_1_44' title='bbox 269 943 341 988; x_wconf 87' lang='lat' dir='ltr'><strong>vera</strong></span> <span class='ocrx_word' id='word_1_45' title='bbox 361 923 503 991; x_wconf 85' lang='lat' dir='ltr'><strong>scientia.</strong></span> <span class='ocrx_word' id='word_1_46' title='bbox 547 926 637 993; x_wconf 88' lang='lat' dir='ltr'><strong>Hanc</strong></span> <span class='ocrx_word' id='word_1_47' title='bbox 663 940 809 1009; x_wconf 85' lang='lat' dir='ltr'><strong>spectans</strong></span> <span class='ocrx_word' id='word_1_48' title='bbox 829 929 929 997; x_wconf 69' lang='lat' dir='ltr'><strong>auriac</strong></span> <span class='ocrx_word' id='word_1_49' title='bbox 955 925 1050 999; x_wconf 69' lang='lat' dir='ltr'><strong>inec</strong></span> <span class='ocrx_word' id='word_1_50' title='bbox 1072 922 1127 995; x_wconf 73' lang='lat' dir='ltr'><strong>ei·</strong></span> 
     </span>
     <span class='ocr_line' id='line_1_7' title="bbox 179 1040 1129 1127; baseline -0.002 -18"><span class='ocrx_word' id='word_1_51' title='bbox 179 1066 237 1110; x_wconf 76' lang='lat' dir='ltr'><strong>cea</strong></span> <span class='ocrx_word' id='word_1_52' title='bbox 264 1059 337 1105; x_wconf 90' lang='lat' dir='ltr'><strong>cum</strong></span> <span class='ocrx_word' id='word_1_53' title='bbox 373 1040 434 1109; x_wconf 88' lang='lat' dir='ltr'><strong>Dei</strong></span> <span class='ocrx_word' id='word_1_54' title='bbox 466 1043 690 1127; x_wconf 76' lang='lat' dir='ltr'><strong>intelligentia,</strong></span> <span class='ocrx_word' id='word_1_55' title='bbox 732 1062 813 1126; x_wconf 88' lang='lat' dir='ltr'><strong>quae</strong></span> <span class='ocrx_word' id='word_1_56' title='bbox 844 1054 948 1107; x_wconf 87' lang='lat' dir='ltr'><strong>mente</strong></span> <span class='ocrx_word' id='word_1_57' title='bbox 974 1058 1059 1124; x_wconf 85' lang='lat' dir='ltr'><strong>pura</strong></span> <span class='ocrx_word' id='word_1_58' title='bbox 1089 1052 1129 1107; x_wconf 85' lang='lat' dir='ltr'><strong>et</strong></span> 
     </span>
     <span class='ocr_line' id='line_1_8' title="bbox 179 1156 1129 1246; baseline -0.001 -23"><span class='ocrx_word' id='word_1_59' title='bbox 179 1156 310 1225; x_wconf 77' lang='lat' dir='ltr'><strong>scicntia</strong></span> <span class='ocrx_word' id='word_1_60' title='bbox 342 1161 497 1242; x_wconf 86' lang='lat' dir='ltr'><strong>vertitur,</strong></span> <span class='ocrx_word' id='word_1_61' title='bbox 528 1178 595 1227; x_wconf 90' lang='lat' dir='ltr'><strong>tum</strong></span> <span class='ocrx_word' id='word_1_62' title='bbox 615 1161 710 1227; x_wconf 91' lang='lat' dir='ltr'><strong>animi</strong></span> <span class='ocrx_word' id='word_1_63' title='bbox 728 1161 883 1246; x_wconf 88' lang='lat' dir='ltr'><strong>cujusque</strong></span> <span class='ocrx_word' id='word_1_64' title='bbox 910 1157 1017 1238; x_wconf 89' lang='lat' dir='ltr'><strong>acies,</strong></span> <span class='ocrx_word' id='word_1_65' title='bbox 1040 1176 1129 1240; x_wconf 84' lang='lat' dir='ltr'><strong>quae</strong></span> 
     </span>
     <span class='ocr_line' id='line_1_9' title="bbox 180 1273 1128 1362; baseline -0.001 -20"><span class='ocrx_word' id='word_1_66' title='bbox 180 1275 256 1342; x_wconf 87' lang='lat' dir='ltr'><strong>huic</strong></span> <span class='ocrx_word' id='word_1_67' title='bbox 286 1276 330 1342; x_wconf 84' lang='lat' dir='ltr'><strong>rei</strong></span> <span class='ocrx_word' id='word_1_68' title='bbox 350 1298 406 1362; x_wconf 88' lang='lat' dir='ltr'><strong>par</strong></span> <span class='ocrx_word' id='word_1_69' title='bbox 433 1280 474 1345; x_wconf 89' lang='lat' dir='ltr'><strong>sit</strong></span> <span class='ocrx_word' id='word_1_70' title='bbox 490 1278 618 1361; x_wconf 87' lang='lat' dir='ltr'><strong>futura,</strong></span> <span class='ocrx_word' id='word_1_71' title='bbox 641 1292 673 1344; x_wconf 88' lang='lat' dir='ltr'><strong>et</strong></span> <span class='ocrx_word' id='word_1_72' title='bbox 687 1276 808 1361; x_wconf 88' lang='lat' dir='ltr'><strong>placida</strong></span> <span class='ocrx_word' id='word_1_73' title='bbox 834 1273 952 1341; x_wconf 83' lang='lat' dir='ltr'><strong>fruitur</strong></span> <span class='ocrx_word' id='word_1_74' title='bbox 971 1276 1128 1359; x_wconf 80' lang='lat' dir='ltr'><strong>volupta-</strong></span> 
     </span>
     <span class='ocr_line' id='line_1_10' title="bbox 181 1392 1127 1481; baseline 0.003 -23"><span class='ocrx_word' id='word_1_75' title='bbox 181 1406 235 1475; x_wconf 85' lang='lat' dir='ltr'><strong>te,</strong></span> <span class='ocrx_word' id='word_1_76' title='bbox 255 1411 286 1461; x_wconf 87' lang='lat' dir='ltr'><strong>et</strong></span> <span class='ocrx_word' id='word_1_77' title='bbox 306 1397 367 1461; x_wconf 87' lang='lat' dir='ltr'><strong>hnc</strong></span> <span class='ocrx_word' id='word_1_78' title='bbox 395 1396 459 1463; x_wconf 85' lang='lat' dir='ltr'><strong>veri</strong></span> <span class='ocrx_word' id='word_1_79' title='bbox 478 1399 658 1481; x_wconf 85' lang='lat' dir='ltr'><strong>spectaculo</strong></span> <span class='ocrx_word' id='word_1_80' title='bbox 676 1396 771 1461; x_wconf 86' lang='lat' dir='ltr'><strong>alitur</strong></span> <span class='ocrx_word' id='word_1_81' title='bbox 790 1410 885 1479; x_wconf 89' lang='lat' dir='ltr'><strong>atque</strong></span> <span class='ocrx_word' id='word_1_82' title='bbox 907 1392 1127 1477; x_wconf 77' lang='lat' dir='ltr'><strong>exhilaratur,</strong></span> 
     </span>
     <span class='ocr_line' id='line_1_11' title="bbox 183 1510 1128 1598; baseline 0.001 -22"><span class='ocrx_word' id='word_1_83' title='bbox 183 1513 330 1592; x_wconf 87' lang='lat' dir='ltr'><strong>quamdiu</strong></span> <span class='ocrx_word' id='word_1_84' title='bbox 359 1515 439 1579; x_wconf 86' lang='lat' dir='ltr'><strong>coeli</strong></span> <span class='ocrx_word' id='word_1_85' title='bbox 465 1516 619 1598; x_wconf 85' lang='lat' dir='ltr'><strong>vertigine</strong></span> <span class='ocrx_word' id='word_1_86' title='bbox 651 1515 684 1580; x_wconf 92' lang='lat' dir='ltr'><strong>in</strong></span> <span class='ocrx_word' id='word_1_87' title='bbox 711 1515 866 1581; x_wconf 88' lang='lat' dir='ltr'><strong>circulum</strong></span> <span class='ocrx_word' id='word_1_88' title='bbox 892 1510 1041 1577; x_wconf 85' lang='lat' dir='ltr'><strong>vertitur.</strong></span> <span class='ocrx_word' id='word_1_89' title='bbox 1087 1510 1128 1577; x_wconf 84' lang='lat' dir='ltr'><strong>ln</strong></span> 
     </span>
     <span class='ocr_line' id='line_1_12' title="bbox 183 1627 1126 1714; baseline 0.002 -23"><span class='ocrx_word' id='word_1_90' title='bbox 183 1628 245 1692; x_wconf 78' lang='lat' dir='ltr'><strong>hoc</strong></span> <span class='ocrx_word' id='word_1_91' title='bbox 275 1644 376 1693; x_wconf 83' lang='lat' dir='ltr'><strong>autem</strong></span> <span class='ocrx_word' id='word_1_92' title='bbox 400 1630 536 1695; x_wconf 87' lang='lat' dir='ltr'><strong>circuitu</strong></span> <span class='ocrx_word' id='word_1_93' title='bbox 561 1632 662 1714; x_wconf 87' lang='lat' dir='ltr'><strong>ipsam</strong></span> <span class='ocrx_word' id='word_1_94' title='bbox 688 1633 920 1713; x_wconf 86' lang='lat' dir='ltr'><strong>contemplatur</strong></span> <span class='ocrx_word' id='word_1_95' title='bbox 944 1627 1126 1713; x_wconf 78' lang='lat' dir='ltr'><strong>justitiam,</strong></span> 
     </span>
     <span class='ocr_line' id='line_1_13' title="bbox 182 1743 1126 1829; baseline 0.005 -23"><span class='ocrx_word' id='word_1_96' title='bbox 182 1744 414 1825; x_wconf 79' lang='lat' dir='ltr'><strong>temperantiam</strong></span> <span class='ocrx_word' id='word_1_97' title='bbox 433 1745 558 1828; x_wconf 87' lang='lat' dir='ltr'><strong>ipsam,</strong></span> <span class='ocrx_word' id='word_1_98' title='bbox 587 1746 686 1829; x_wconf 84' lang='lat' dir='ltr'><strong>ipsam</strong></span> <span class='ocrx_word' id='word_1_99' title='bbox 704 1746 834 1810; x_wconf 91' lang='lat' dir='ltr'><strong>omnino</strong></span> <span class='ocrx_word' id='word_1_100' title='bbox 846 1743 1033 1825; x_wconf 85' lang='lat' dir='ltr'><strong>scientiam,</strong></span> <span class='ocrx_word' id='word_1_101' title='bbox 1055 1762 1126 1811; x_wconf 84' lang='lat' dir='ltr'><strong>non</strong></span> 
     </span>
     <span class='ocr_line' id='line_1_14' title="bbox 184 1860 1127 1946; baseline 0.004 -21"><span class='ocrx_word' id='word_1_102' title='bbox 184 1867 264 1942; x_wconf 80' lang='lat' dir='ltr'><strong>qnae</strong></span> <span class='ocrx_word' id='word_1_103' title='bbox 283 1876 355 1929; x_wconf 88' lang='lat' dir='ltr'><strong>nata</strong></span> <span class='ocrx_word' id='word_1_104' title='bbox 375 1860 542 1944; x_wconf 87' lang='lat' dir='ltr'><strong>aliquando</strong></span> <span class='ocrx_word' id='word_1_105' title='bbox 561 1877 632 1946; x_wconf 86' lang='lat' dir='ltr'><strong>est,</strong></span> <span class='ocrx_word' id='word_1_106' title='bbox 664 1878 719 1929; x_wconf 91' lang='lat' dir='ltr'><strong>aut</strong></span> <span class='ocrx_word' id='word_1_107' title='bbox 736 1880 814 1944; x_wconf 90' lang='lat' dir='ltr'><strong>quae</strong></span> <span class='ocrx_word' id='word_1_108' title='bbox 836 1860 895 1926; x_wconf 86' lang='lat' dir='ltr'><strong>alia</strong></span> <span class='ocrx_word' id='word_1_109' title='bbox 920 1876 970 1927; x_wconf 86' lang='lat' dir='ltr'><strong>est</strong></span> <span class='ocrx_word' id='word_1_110' title='bbox 990 1860 1026 1926; x_wconf 92' lang='lat' dir='ltr'><strong>in</strong></span> <span class='ocrx_word' id='word_1_111' title='bbox 1052 1861 1127 1929; x_wconf 88' lang='lat' dir='ltr'><strong>aliis</strong></span> 
     </span>
     <span class='ocr_line' id='line_1_15' title="bbox 184 1977 1128 2064; baseline 0.001 -20"><span class='ocrx_word' id='word_1_112' title='bbox 184 1999 315 2064; x_wconf 77' lang='lat' dir='ltr'><strong>conam,</strong></span> <span class='ocrx_word' id='word_1_113' title='bbox 347 1999 531 2064; x_wconf 85' lang='lat' dir='ltr'><strong>quaenunt</strong></span> <span class='ocrx_word' id='word_1_114' title='bbox 555 1980 617 2063; x_wconf 80' lang='lat' dir='ltr'><strong>esse</strong></span> <span class='ocrx_word' id='word_1_115' title='bbox 643 1979 800 2063; x_wconf 83' lang='lat' dir='ltr'><strong>dicimus3</strong></span> <span class='ocrx_word' id='word_1_116' title='bbox 832 1979 888 2044; x_wconf 90' lang='lat' dir='ltr'><strong>sed</strong></span> <span class='ocrx_word' id='word_1_117' title='bbox 915 1997 996 2061; x_wconf 88' lang='lat' dir='ltr'><strong>quae</strong></span> <span class='ocrx_word' id='word_1_118' title='bbox 1023 1977 1058 2043; x_wconf 92' lang='lat' dir='ltr'><strong>in</strong></span> <span class='ocrx_word' id='word_1_119' title='bbox 1085 1998 1128 2045; x_wconf 85' lang='lat' dir='ltr'><strong>eo</strong></span> 
     </span>
    </p>
   </div>
   <div class='ocr_carea' id='block_1_2' title="bbox 184 2096 1132 2298">
    <p class='ocr_par' dir='ltr' id='par_1_2' title="bbox 184 2096 1132 2298">
     <span class='ocr_line' id='line_1_16' title="bbox 185 2096 1132 2180; baseline 0.003 -20"><span class='ocrx_word' id='word_1_120' title='bbox 185 2099 332 2179; x_wconf 80' lang='lat' dir='ltr'><strong>obtinet,</strong></span> <span class='ocrx_word' id='word_1_121' title='bbox 354 2101 442 2180; x_wconf 88' lang='lat' dir='ltr'><strong>quod</strong></span> <span class='ocrx_word' id='word_1_122' title='bbox 463 2119 536 2164; x_wconf 86' lang='lat' dir='ltr'><strong>vere</strong></span> <span class='ocrx_word' id='word_1_123' title='bbox 552 2115 623 2180; x_wconf 90' lang='lat' dir='ltr'><strong>est,</strong></span> <span class='ocrx_word' id='word_1_124' title='bbox 644 2099 731 2170; x_wconf 71' lang='grc' dir='ltr'><strong>ὅέςιν</strong></span> <span class='ocrx_word' id='word_1_125' title='bbox 751 2100 781 2166; x_wconf 74' lang='grc' dir='ltr'><strong>ὅν</strong></span> <span class='ocrx_word' id='word_1_126' title='bbox 796 2099 906 2174; x_wconf 64' lang='lat' dir='ltr'><strong>manet</strong></span> <span class='ocrx_word' id='word_1_127' title='bbox 928 2097 1008 2162; x_wconf 87' lang='lat' dir='ltr'><strong>hanc</strong></span> <span class='ocrx_word' id='word_1_128' title='bbox 1026 2096 1132 2179; x_wconf 78' lang='lat' dir='ltr'><strong>igitur</strong></span> 
     </span>
     <span class='ocr_line' id='line_1_17' title="bbox 184 2211 1128 2298; baseline 0.002 -19"><span class='ocrx_word' id='word_1_129' title='bbox 184 2213 343 2279; x_wconf 85' lang='lat' dir='ltr'><strong>scientiam</strong></span> <span class='ocrx_word' id='word_1_130' title='bbox 365 2227 397 2276; x_wconf 84' lang='lat' dir='ltr'><strong>et</strong></span> <span class='ocrx_word' id='word_1_131' title='bbox 416 2226 534 2277; x_wconf 87' lang='lat' dir='ltr'><strong>caeteta</strong></span> <span class='ocrx_word' id='word_1_132' title='bbox 553 2211 669 2295; x_wconf 88' lang='lat' dir='ltr'><strong>pariter</strong></span> <span class='ocrx_word' id='word_1_133' title='bbox 683 2212 809 2294; x_wconf 85' lang='lat' dir='ltr'><strong>omnia,</strong></span> <span class='ocrx_word' id='word_1_134' title='bbox 832 2232 912 2293; x_wconf 85' lang='lat' dir='ltr'><strong>quae</strong></span> <span class='ocrx_word' id='word_1_135' title='bbox 932 2233 1007 2279; x_wconf 88' lang='lat' dir='ltr'><strong>vere</strong></span> <span class='ocrx_word' id='word_1_136' title='bbox 1025 2229 1128 2298; x_wconf 90' lang='lat' dir='ltr'><strong>sunt,</strong></span> 
     </span>
    </p>
   </div>
   <div class='ocr_carea' id='block_1_3' title="bbox 98 2327 1131 2985">
    <p class='ocr_par' dir='ltr' id='par_1_3' title="bbox 98 2327 1131 2985">
     <span class='ocr_line' id='line_1_18' title="bbox 98 2327 1129 2417; baseline 0 -16"><span class='ocrx_word' id='word_1_137' title='bbox 98 2399 100 2401; x_wconf 82' lang='grc'><strong>,</strong></span> <span class='ocrx_word' id='word_1_138' title='bbox 184 2330 414 2413; x_wconf 85' lang='lat' dir='ltr'><strong>contemplatus</strong></span> <span class='ocrx_word' id='word_1_139' title='bbox 452 2327 594 2410; x_wconf 87' lang='lat' dir='ltr'><strong>animus,</strong></span> <span class='ocrx_word' id='word_1_140' title='bbox 624 2327 727 2412; x_wconf 89' lang='lat' dir='ltr'><strong>iisque</strong></span> <span class='ocrx_word' id='word_1_141' title='bbox 760 2329 900 2396; x_wconf 88' lang='lat' dir='ltr'><strong>nutritus</strong></span> <span class='ocrx_word' id='word_1_142' title='bbox 927 2351 962 2396; x_wconf 90' lang='lat' dir='ltr'><strong>ac</strong></span> <span class='ocrx_word' id='word_1_143' title='bbox 989 2346 1129 2417; x_wconf 86' lang='lat' dir='ltr'><strong>pastus,</strong></span> 
     </span>
     <span class='ocr_line' id='line_1_19' title="bbox 187 2446 1127 2534; baseline 0.003 -17"><span class='ocrx_word' id='word_1_144' title='bbox 187 2448 340 2534; x_wconf 83' lang='lat' dir='ltr'><strong>recipiens</strong></span> <span class='ocrx_word' id='word_1_145' title='bbox 374 2468 409 2514; x_wconf 84' lang='lat' dir='ltr'><strong>se</strong></span> <span class='ocrx_word' id='word_1_146' title='bbox 441 2465 551 2513; x_wconf 85' lang='lat' dir='ltr'><strong>rursus</strong></span> <span class='ocrx_word' id='word_1_147' title='bbox 577 2446 658 2514; x_wconf 89' lang='lat' dir='ltr'><strong>intra</strong></span> <span class='ocrx_word' id='word_1_148' title='bbox 683 2450 830 2531; x_wconf 86' lang='lat' dir='ltr'><strong>coelum,</strong></span> <span class='ocrx_word' id='word_1_149' title='bbox 872 2451 1000 2515; x_wconf 90' lang='lat' dir='ltr'><strong>domum</strong></span> <span class='ocrx_word' id='word_1_150' title='bbox 1027 2451 1127 2520; x_wconf 77' lang='lat' dir='ltr'><strong>redit.</strong></span> 
     </span>
     <span class='ocr_line' id='line_1_20' title="bbox 186 2565 1129 2653; baseline -0.004 -15"><span class='ocrx_word' id='word_1_151' title='bbox 186 2571 358 2653; x_wconf 89' lang='lat' dir='ltr'><strong>Postquam</strong></span> <span class='ocrx_word' id='word_1_152' title='bbox 385 2580 487 2633; x_wconf 88' lang='lat' dir='ltr'><strong>autem</strong></span> <span class='ocrx_word' id='word_1_153' title='bbox 516 2565 631 2649; x_wconf 83' lang='lat' dir='ltr'><strong>rediit,</strong></span> <span class='ocrx_word' id='word_1_154' title='bbox 654 2586 754 2649; x_wconf 91' lang='lat' dir='ltr'><strong>equos</strong></span> <span class='ocrx_word' id='word_1_155' title='bbox 782 2566 889 2649; x_wconf 87' lang='lat' dir='ltr'><strong>auriga</strong></span> <span class='ocrx_word' id='word_1_156' title='bbox 911 2567 952 2634; x_wconf 87' lang='lat' dir='ltr'><strong>ad</strong></span> <span class='ocrx_word' id='word_1_157' title='bbox 971 2586 1129 2652; x_wconf 79' lang='lat' dir='ltr'><strong>praesepe</strong></span> 
     </span>
     <span class='ocr_line' id='line_1_21' title="bbox 188 2683 1131 2771; baseline -0.006 -17"><span class='ocrx_word' id='word_1_158' title='bbox 188 2690 324 2768; x_wconf 87' lang='lat' dir='ltr'><strong>sistens,</strong></span> <span class='ocrx_word' id='word_1_159' title='bbox 356 2684 542 2753; x_wconf 88' lang='lat' dir='ltr'><strong>ambrosiam</strong></span> <span class='ocrx_word' id='word_1_160' title='bbox 577 2684 616 2749; x_wconf 92' lang='lat' dir='ltr'><strong>iis</strong></span> <span class='ocrx_word' id='word_1_161' title='bbox 644 2684 772 2771; x_wconf 90' lang='lat' dir='ltr'><strong>projicit</strong></span> <span class='ocrx_word' id='word_1_162' title='bbox 800 2699 832 2749; x_wconf 89' lang='lat' dir='ltr'><strong>et</strong></span> <span class='ocrx_word' id='word_1_163' title='bbox 858 2698 964 2748; x_wconf 85' lang='lat' dir='ltr'><strong>nectar</strong></span> <span class='ocrx_word' id='word_1_164' title='bbox 994 2683 1131 2770; x_wconf 86' lang='lat' dir='ltr'><strong>insuper</strong></span> 
     </span>
     <span class='ocr_line' id='line_1_22' title="bbox 186 2786 1130 2886; baseline 0.003 -17"><span class='ocrx_word' id='word_1_165' title='bbox 186 2804 357 2886; x_wconf 88' lang='lat' dir='ltr'><strong>potandum</strong></span> <span class='ocrx_word' id='word_1_166' title='bbox 390 2802 528 2883; x_wconf 89' lang='lat' dir='ltr'><strong>praebet.</strong></span> <span class='ocrx_word' id='word_1_167' title='bbox 572 2801 617 2865; x_wconf 87' lang='lat' dir='ltr'><strong>Et</strong></span> <span class='ocrx_word' id='word_1_168' title='bbox 642 2800 718 2863; x_wconf 81' lang='lat' dir='ltr'><strong>haec</strong></span> <span class='ocrx_word' id='word_1_169' title='bbox 750 2799 877 2878; x_wconf 86' lang='lat' dir='ltr'><strong>quidem</strong></span> <span class='ocrx_word' id='word_1_170' title='bbox 904 2786 1130 2872; x_wconf 73' lang='lat' dir='ltr'><strong>cuneorum</strong></span> 
     </span>
     <span class='ocr_line' id='line_1_23' title="bbox 184 2912 309 2985; baseline -0.048 0"><span class='ocrx_word' id='word_1_171' title='bbox 184 2918 263 2985; x_wconf 79' lang='lat' dir='ltr'><strong>vitu.</strong></span> <span class='ocrx_word' id='word_1_172' title='bbox 278 2912 309 2957; x_wconf 67' lang='grc' dir='ltr'>ω</span> 
     </span>
    </p>
   </div>
   <div class='ocr_carea' id='block_1_4' title="bbox 186 3031 1162 3593">
    <p class='ocr_par' dir='ltr' id='par_1_4' title="bbox 186 3031 1162 3593">
     <span class='ocr_line' id='line_1_24' title="bbox 229 3031 1132 3121; baseline 0.01 -24"><span class='ocrx_word' id='word_1_173' title='bbox 229 3032 293 3097; x_wconf 86' lang='lat' dir='ltr'><strong>Iter</strong></span> <span class='ocrx_word' id='word_1_174' title='bbox 320 3044 422 3095; x_wconf 88' lang='lat' dir='ltr'><strong>antem</strong></span> <span class='ocrx_word' id='word_1_175' title='bbox 451 3031 531 3095; x_wconf 89' lang='lat' dir='ltr'><strong>illud</strong></span> <span class='ocrx_word' id='word_1_176' title='bbox 555 3031 692 3098; x_wconf 79' lang='lat' dir='ltr'><strong>coeleste</strong></span> <span class='ocrx_word' id='word_1_177' title='bbox 720 3033 760 3099; x_wconf 88' lang='lat' dir='ltr'><strong>ad</strong></span> <span class='ocrx_word' id='word_1_178' title='bbox 786 3033 889 3116; x_wconf 89' lang='lat' dir='ltr'><strong>ipsum</strong></span> <span class='ocrx_word' id='word_1_179' title='bbox 910 3041 1132 3121; x_wconf 84' lang='lat' dir='ltr'><strong>contemplan-</strong></span> 
     </span>
     <span class='ocr_line' id='line_1_25' title="bbox 187 3149 1162 3241; baseline 0.004 -24"><span class='ocrx_word' id='word_1_180' title='bbox 187 3150 262 3217; x_wconf 86' lang='lat' dir='ltr'><strong>dum</strong></span> <span class='ocrx_word' id='word_1_181' title='bbox 295 3166 424 3228; x_wconf 89' lang='lat' dir='ltr'><strong>verum,</strong></span> <span class='ocrx_word' id='word_1_182' title='bbox 458 3167 529 3213; x_wconf 88' lang='lat' dir='ltr'><strong>cum</strong></span> <span class='ocrx_word' id='word_1_183' title='bbox 563 3149 658 3216; x_wconf 86' lang='lat' dir='ltr'><strong>certis</strong></span> <span class='ocrx_word' id='word_1_184' title='bbox 693 3150 870 3217; x_wconf 87' lang='lat' dir='ltr'><strong>instituitur</strong></span> <span class='ocrx_word' id='word_1_185' title='bbox 905 3153 1130 3241; x_wconf 86' lang='lat' dir='ltr'><strong>temporibus,</strong></span> <span class='ocrx_word' id='word_1_186' title='bbox 1160 3226 1162 3231; x_wconf 65' lang='grc'><strong>,</strong></span> 
     </span>
     <span class='ocr_line' id='line_1_26' title="bbox 186 3264 1131 3357; baseline 0.002 -21"><span class='ocrx_word' id='word_1_187' title='bbox 186 3284 253 3336; x_wconf 89' lang='lat' dir='ltr'><strong>tum</strong></span> <span class='ocrx_word' id='word_1_188' title='bbox 277 3267 362 3333; x_wconf 87' lang='lat' dir='ltr'><strong>hune</strong></span> <span class='ocrx_word' id='word_1_189' title='bbox 376 3264 409 3331; x_wconf 91' lang='lat' dir='ltr'><strong>in</strong></span> <span class='ocrx_word' id='word_1_190' title='bbox 427 3267 567 3333; x_wconf 83' lang='lat' dir='ltr'><strong>modum.</strong></span> <span class='ocrx_word' id='word_1_191' title='bbox 612 3268 752 3352; x_wconf 80' lang='lat' dir='ltr'><strong>Magnus</strong></span> <span class='ocrx_word' id='word_1_192' title='bbox 775 3268 808 3333; x_wconf 89' lang='lat' dir='ltr'><strong>in</strong></span> <span class='ocrx_word' id='word_1_193' title='bbox 833 3270 924 3335; x_wconf 86' lang='lat' dir='ltr'><strong>coelo</strong></span> <span class='ocrx_word' id='word_1_194' title='bbox 951 3269 1016 3336; x_wconf 85' lang='lat' dir='ltr'><strong>dux</strong></span> <span class='ocrx_word' id='word_1_195' title='bbox 1031 3272 1131 3357; x_wconf 85' lang='lat' dir='ltr'><strong>Jupi-</strong></span> 
     </span>
     <span class='ocr_line' id='line_1_27' title="bbox 187 3385 1129 3469; baseline 0.002 -16"><span class='ocrx_word' id='word_1_196' title='bbox 187 3401 256 3469; x_wconf 85' lang='lat' dir='ltr'><strong>ter,</strong></span> <span class='ocrx_word' id='word_1_197' title='bbox 278 3386 392 3452; x_wconf 86' lang='lat' dir='ltr'><strong>alatum</strong></span> <span class='ocrx_word' id='word_1_198' title='bbox 418 3385 517 3451; x_wconf 87' lang='lat' dir='ltr'><strong>citans</strong></span> <span class='ocrx_word' id='word_1_199' title='bbox 543 3403 690 3467; x_wconf 83' lang='lat' dir='ltr'><strong>currum,</strong></span> <span class='ocrx_word' id='word_1_200' title='bbox 712 3386 848 3469; x_wconf 87' lang='lat' dir='ltr'><strong>primum</strong></span> <span class='ocrx_word' id='word_1_201' title='bbox 874 3387 1011 3467; x_wconf 86' lang='lat' dir='ltr'><strong>incedit,</strong></span> <span class='ocrx_word' id='word_1_202' title='bbox 1038 3391 1129 3455; x_wconf 89' lang='lat' dir='ltr'><strong>ordi-</strong></span> 
     </span>
     <span class='ocr_line' id='line_1_28' title="bbox 187 3502 1128 3593; baseline -0.003 -20"><span class='ocrx_word' id='word_1_203' title='bbox 187 3523 264 3577; x_wconf 87' lang='lat' dir='ltr'><strong>nans</strong></span> <span class='ocrx_word' id='word_1_204' title='bbox 287 3502 388 3575; x_wconf 88' lang='lat' dir='ltr'><strong>omnia</strong></span> <span class='ocrx_word' id='word_1_205' title='bbox 407 3518 437 3569; x_wconf 89' lang='lat' dir='ltr'><strong>et</strong></span> <span class='ocrx_word' id='word_1_206' title='bbox 456 3503 658 3591; x_wconf 82' lang='lat' dir='ltr'><strong>providenter</strong></span> <span class='ocrx_word' id='word_1_207' title='bbox 677 3503 861 3589; x_wconf 87' lang='lat' dir='ltr'><strong>disponens.</strong></span> <span class='ocrx_word' id='word_1_208' title='bbox 904 3506 998 3577; x_wconf 88' lang='lat' dir='ltr'><strong>Hunc</strong></span> <span class='ocrx_word' id='word_1_209' title='bbox 1017 3507 1128 3593; x_wconf 82' lang='lat' dir='ltr'><strong>sequi-</strong></span> 
     </span>
    </p>
   </div>
   <div class='ocr_carea' id='block_1_5' title="bbox 225 3637 1129 3847">
    <p class='ocr_par' dir='ltr' id='par_1_5' title="bbox 225 3637 1129 3847">
     <span class='ocr_line' id='line_1_29' title="bbox 1068 3637 1129 3697; baseline -0.033 0"><span class='ocrx_word' id='word_1_210' title='bbox 1068 3637 1129 3697; x_wconf 73' lang='lat' dir='ltr'><strong>illc</strong></span> 
     </span>
     <span class='ocr_line' id='line_1_30' title="bbox 225 3767 612 3847; baseline 0.016 -28"><span class='ocrx_word' id='word_1_211' title='bbox 225 3768 265 3839; x_wconf 87' lang='grc' dir='ltr'><strong>(ι)</strong></span> <span class='ocrx_word' id='word_1_212' title='bbox 287 3767 400 3825; x_wconf 77' lang='lat' dir='ltr'><strong>Phaedr.</strong></span> <span class='ocrx_word' id='word_1_213' title='bbox 420 3778 467 3847; x_wconf 74' lang='lat'><strong>247</strong></span> <span class='ocrx_word' id='word_1_214' title='bbox 488 3776 519 3829; x_wconf 90' lang='lat' dir='ltr'><strong>C.</strong></span> <span class='ocrx_word' id='word_1_215' title='bbox 532 3777 612 3832; x_wconf 73' lang='lat' dir='ltr'><strong>DAE.</strong></span> 
     </span>
    </p>
   </div>
   <div class='ocr_carea' id='block_1_6' title="bbox 0 0 1326 4680">
    <p class='ocr_par' dir='ltr' id='par_1_6' title="bbox 0 0 1326 4680">
     <span class='ocr_line' id='line_1_31' title="bbox 0 0 1326 4680; baseline 0 0"><span class='ocrx_word' id='word_1_216' title='bbox 0 0 1326 4680; x_wconf 95' lang='lat' dir='ltr'><strong> </strong></span> 
     </span>
    </p>
   </div>
  </div>
 </body>
</html>
