2618 4680
551 267 747 338 3-190-2'

179 436 370 530 Quicunque
393 443 473 507 enim
504 442 669 520 hucusque
688 439 727 504 ad
755 415 901 503 amatoria
919 429 1042 506 ductim
1066 446 1114 504 est

177 584 286 644 sacra,
309 579 391 627 recte
414 579 444 626 et
464 559 573 624 ordine
593 560 830 639 comtemplatus
848 559 979 638 pulcra,
1006 557 1047 621 ad
1076 556 1114 620 fi-

177 702 247 747 nem
270 684 332 766 jam
357 679 507 745 accedens
532 675 696 741 amatoriae
727 673 925 756 discipliuae,
949 675 1114 755 extemplo

176 797 355 864 admirabile
383 793 538 877 quoddam
563 792 738 875 conspiciet
769 792 929 874 pulcrum:
962 791 1044 855 idem
1076 791 1117 854 il·

177 918 256 995 lud,
278 935 298 976 o
329 916 498 993 Socrates,
520 911 611 995 cujus
635 911 732 993 gratia
752 929 862 976 omnes
880 908 967 974 antea
984 909 1112 973 iabores

177 1031 317 1113 suscepti
342 1047 437 1111 sunt,
460 1030 595 1114 primum
626 1029 772 1110 quidem,
802 1030 888 1108 quod
914 1046 1032 1109 semper
1064 1042 1116 1090 est

177 1167 235 1213 nec
262 1149 297 1214 fit
320 1168 456 1230 unquam
480 1164 534 1215 aut
563 1149 665 1231 perit,
686 1165 743 1212 nec
770 1161 900 1230 augetur
916 1158 973 1209 aut
999 1143 1117 1210 minui·

178 1278 252 1333 ture
285 1286 410 1348 porro,
432 1267 520 1347 quod
546 1285 611 1330 non
629 1259 748 1347 'partim
780 1281 828 1330 est
854 1266 1021 1347 pulcrum,
1044 1281 1117 1345 par·

177 1383 235 1449 tim
262 1400 377 1467 turpe,
404 1398 505 1466 neque
531 1386 592 1449 aiio
620 1399 761 1467 tempore
781 1398 830 1449 est
854 1384 1019 1465 pulcrum,
1051 1379 1117 1445 alio
1169 1433 1170 1439 ,

178 1521 244 1569 non
264 1504 357 1584 item,
370 1521 472 1582 neque
492 1503 570 1568 alius
591 1503 635 1567 rei
652 1502 772 1567 ratione
791 1516 837 1566 est
857 1496 1117 1583 pulcrum,alius

178 1634 288 1700 turpe:
312 1639 414 1701 neque
436 1621 539 1703 ipsum
562 1621 641 1687 illud
659 1623 802 1703 pulcrum
831 1619 935 1683 animo
956 1617 1116 1700 fingetur,

178 1751 216 1831 ut
245 1739 353 1803 vulnus
382 1739 496 1820 aliquis
525 1754 580 1804 aut
612 1758 722 1805 manus
756 1752 809 1804 aut
840 1737 927 1801 aliud
953 1737 1119 1820 hujusmo-

178 1853 237 1935 di,
265 1857 358 1940 cujus
386 1865 502 1938 corpus
533 1869 583 1921 est
605 1857 781 1938 particeps:
812 1873 917 1934 neque
952 1867 988 1919 ut
1012 1871 1120 1917 sermo

178 1972 304 2054 quidam
330 1989 386 2038 aut
409 1973 571 2039 doctrina:
595 1993 698 2056 neque
716 1987 751 2038 ut
778 1973 812 2036 in
836 1991 869 2034 re
891 1970 1054 2054 positum,
1077 1966 1120 2034 ab'

180 2093 251 2174 ipso
270 2092 416 2173 diversa,
440 2093 634 2172 inanimali,
658 2093 691 2156 in
709 2107 812 2172 terra,
829 2090 861 2155 in
879 2092 994 2171 coeio,
1019 2089 1119 2170 alibi;

180 2216 253 2275 ἀλλ’
272 2215 346 2276 αὐτὸ
374 2214 438 2275 καθ’
451 2215 525 2276 αὐτὸ
542 2213 610 2288 μετ’
635 2213 727 2275 αὑτοῦ
752 2213 895 2290 perozitae
921 2213 970 2277 ds)
1002 2207 1127 2278 ἐντῶ

174 2320 323 2409 pulcrum
335 2338 379 2389 est
392 2322 491 2412 ipsum
498 2341 560 2412 per
568 2344 615 2406 se,
624 2345 723 2390 secam
733 2328 798 2412 ipso
808 2330 921 2413 seraper
934 2324 1127 2408 andy‘omq

177 2457 296 2506 caetera
305 2461 380 2507 vero
399 2444 526 2523 omnia,
546 2463 626 2524 quae
645 2444 753 2526 pulcra
765 2458 864 2525 sunt,
883 2443 927 2509 sic
944 2439 1030 2506 iliius
1043 2459 1128 2516 sunt

179 2559 361 2642 participia,
372 2575 408 2624 ut
424 2581 495 2626 curn
511 2561 651 2627 oriantur
664 2563 739 2628 haec
756 2577 787 2626 et
803 2575 949 2646 pereant,
977 2560 1025 2624 ilii
1041 2563 1125 2638 nihil

180 2694 239 2740 nec
260 2680 403 2759 accedat,
417 2679 682 2762 necdetrairotur,
699 2699 756 2746 nec
779 2682 901 2746 aliunde
928 2679 1126 2748 eveniat.-

182 2789 269 2861 Haec
295 2796 348 2862 uia
375 2813 444 2881 est,
476 2816 537 2876 qua
560 2795 630 2877 quis
659 2800 697 2863 ad
728 2796 874 2863 amatoria
892 2800 942 2862 vel
960 2796 1030 2878 ipse
1050 2817 1125 2880 per·

184 2913 287 2976 veniat
312 2914 362 2977 vel
381 2910 420 2976 ab
441 2913 503 2976 aiio
523 2915 674 2994 ducatur,
698 2929 732 2979 ut
750 2935 767 2980 a
782 2915 901 2998 pulcris
922 2915 1008 2981 hisce
1030 2936 1125 2982 exor-

184 3047 262 3105 sus,
295 3039 418 3111 semper
451 3030 617 3108 escendat,
649 3031 739 3110 quasi
760 3033 906 3115 gradibus
933 3046 1048 3113 utens,
1084 3034 1124 3098 ab

185 3158 250 3208 uuo
277 3144 317 3206 ad
344 3147 429 3223 duo,
460 3166 478 3209 a
506 3147 632 3214 duobus
653 3152 693 3215 ad
714 3151 817 3214 omnia
837 3170 968 3234 corpora
988 3151 1123 3232 pulcra,

185 3249 224 3327 ab
257 3261 308 3328 his
334 3265 372 3330 ad
398 3265 504 3347 pulcra
533 3267 657 3348 studia,
695 3290 712 3335 a
742 3270 855 3336 studiis
889 3270 928 3336 ad
962 3269 1125 3336 doctrinas

87 3359 90 3367 ¹
185 3374 331 3464 pulcras,
352 3384 451 3448 donec
472 3403 490 3448 a
510 3385 661 3451 doctrinis
688 3389 726 3452 ad
750 3386 832 3452 illam
856 3389 980 3454 tandem
1007 3389 1126 3455 doctri·

185 3512 256 3564 narn
280 3502 461 3583 perveniat,
486 3521 564 3583 quae
583 3520 647 3569 non
670 3505 797 3570 alterius
822 3522 891 3590 est,
916 3528 1008 3590 quarn
1027 3511 1124 3596 pasius

183 3620 292 3704 pulcri
318 3619 469 3702 scientia,
501 3641 536 3687 ac
566 3623 718 3706 percipiat
753 3640 936 3707 postremo,
976 3625 1055 3706 quid
1086 3625 1127 3692 sit-

188 3736 344 3814 puierum.
387 3738 424 3803 In
455 3740 511 3805 hac
537 3740 621 3806 vitae
651 3734 853 3825 conditione,
884 3746 926 3810 nri
955 3745 1123 3825 Socrates,

189 3848 216 3913 si
237 3852 355 3934 uspiam
374 3857 472 3940 alibi,
495 3858 614 3923 homini
633 3859 801 3929 vivendum
827 3876 896 3942 est,
920 3861 1026 3947 ipsum
1050 3881 1125 3929 con·

1060 3995 1126 4046 ten·
