2618 4680
569 314 614 367 ’,-
636 291 696 359 135
717 309 766 371 ··,,

195 465 243 530 sic
278 463 404 546 quidem
437 459 531 528 ambo
560 458 679 524 beatam
709 474 804 541 atque
834 465 1018 531 concordem
1046 463 1133 548 prle·
1192 446 1199 461 ’

194 595 311 645 sentem
338 593 434 663 agunt
457 578 573 659 vitam,
595 577 729 643 modesti
758 591 788 641 et
811 577 1016 664 sibimetipsis
1035 582 1131 664 impe·

194 712 323 778 rantes,
346 693 512 773 subactis,
535 714 551 756 e
567 691 682 777 quibus
702 692 795 772 vitia,
818 691 851 756 in
872 693 1044 759 libertatem
1060 696 1129 762 vin·
1145 695 1148 701 ’
1164 698 1172 786 J

193 811 326 894 dicatis,
350 833 367 876 e
397 809 513 893 quibus
545 808 678 874 virtutes
699 808 863 891 oriuntur;
888 812 1004 876 mortui
1031 792 1133 894 uero,

192 928 382 1012 recuperatis
424 927 502 1006 alio,
557 942 717 1008 Praepctes
756 927 902 1007 evolant,
934 947 1004 992 cum
1038 929 1133 994 trium

110 1116 115 1124 ,
193 1047 396 1144 certaminum
418 1043 502 1109 ‘vere
535 1043 775 1126 Olyotpicorum
798 1062 894 1109 onum
923 1045 1131 1126 pervicerintt
1200 1026 1204 1033 ’

190 1167 223 1235 οὗ
246 1168 346 1251 μεῖζον
372 1167 485 1244 ἀγαθὸν
516 1165 582 1230 οὔτε
604 1166 774 1245 σωφροσύνη
792 1165 951 1244 νένθρωπίνν
982 1165 1048 1230 οὔτε
1069 1167 1132 1234 θείαν

189 1286 285 1366 attala
308 1284 418 1358 dotati
438 1282 555 1363 trepitat
571 1282 722 1362 ἀνθρώπῳ·
747 1299 805 1362 atto
818 1297 891 1341 satta
906 1278 1131 1363 praestabilius
1186 1276 1188 1281 ’

188 1366 298 1463 bonam
328 1418 382 1461 aec
412 1376 551 1461 baritana
582 1397 813 1481 temperantia,
837 1402 890 1488 aaa
925 1390 1047 1487 dininas
1070 1393 1134 1476 sa·

188 1535 245 1579 aar
266 1515 383 1578 homini
400 1509 519 1596 afferre
540 1511 638 1575 allam
655 1525 765 1597 potest.
786 1510 817 1556 υ)

231 1629 284 1694 Sic
306 1631 463 1692 amaris
492 1643 539 1691 est
560 1627 644 1709 apud
670 1627 828 1693 Platonem
851 1625 1022 1692 arctissima
1057 1616 1131 1695 curn
1158 1701 1161 1707 ⁴

129 1800 134 1809 .
179 1745 447 1836 philosophia
472 1744 668 1839 conjunctIO.
696 1743 871 1827 Utriusque
893 1763 1057 1831 commune
1084 1760 1133 1810 est

187 1879 386 1929 etsummum
404 1862 630 1945 propositum,
654 1876 691 1934 ut
712 1864 750 1926 ad
772 1852 934 1927 veritatem
955 1882 991 1949 ac
1008 1862 1132 1946 sapien·

186 1979 262 2044 tiam
296 1980 428 2044 adducat
449 1979 632 2043 hominem.
665 1977 728 2040 imo
750 1977 857 2065 reddat
875 1957 1016 2071 homini,
1039 1999 1131 2060 quam

131 2096 136 2109 '
188 2096 319 2176 amisit,
353 2093 485 2158 felicitat
441 2107 547 2159 ttenr.
592 2093 674 2158 Nam
696 2093 884 2193 utrestituit
909 2094 1136 2195 comphiloso-

186 2211 301 2296 phio
292 2230 325 2276 rn
350 2210 560 2278 conditionem
585 2209 805 2293 pristinam,r
808 2225 838 2308 ta
808 2187 930 2303 talto
959 2206 986 2275 ei
1010 2213 1134 2297 adaptat

185 2349 298 2412 amor,
317 2329 435 2411 quibus
460 2327 630 2394 sublatus
622 2327 788 2391 rnbeatom
799 2326 860 2392 Dei
878 2321 928 2392 sui
943 2329 1033 2408 quasi
1051 2329 1127 2394 cho-

186 2466 257 2511 rum
289 2445 405 2508 redcat
453 2444 505 2508 Sic
537 2443 663 2522 utrique
691 2442 878 2532 adscribitur
895 2445 1036 2508 divinum
1061 2465 1129 2510 rnu-

185 2579 268 2639 nus,
291 2574 327 2621 ut
348 2556 504 2620 hominem
533 2555 643 2618 efficiat
665 2557 734 2621 Dco
756 2556 900 2622 similem.
954 2560 1015 2624 Sed
1036 2562 1130 2646 hujus

185 2673 325 2741 nondum
345 2672 407 2736 loci
428 2686 499 2751 est,
533 2671 615 2734 illam
634 2669 789 2752 explicare
801 2660 820 2752 ,’
838 2692 929 2753 quam
952 2674 1040 2739 Plato
1059 2677 1131 2740 ubi·

187 2790 237 2855 vis
275 2789 449 2872 praedicat,
483 2792 616 2872 ὁμοίωσιν
647 2794 688 2874 τῷ
723 2792 787 2873 θέῳ.
831 2789 967 2854 Praestat
1000 2790 1050 2855 hic
1074 2785 1128 2874 ait·

184 2926 304 2994 ponere
333 2905 510 2972 Socraticae
539 2903 715 2988 palinodiae
744 2905 920 2989 epilogum,
967 2908 1130 2990 elegantis-

186 3024 300 3088 simum
323 3022 436 3104 illum,
459 3037 490 3088 et
518 3040 596 3088 vero
625 3023 740 3088 amoris
769 3024 972 3090 declarantem
1003 3003 1033 3090 ct
1057 3028 1129 3111 phi·

184 3138 627 3233 losophiaeconjunctionem.
652 3188 678 3224 ,‚
690 3141 775 3208 Haec
795 3143 996 3226 tibi,dilecte
1004 3147 1129 3231 Amor,

188 3257 359 3321 recantatio
398 3257 585 3339 pulcerrima
622 3274 657 3338 ,et
693 3259 811 3342 optima
823 3240 842 3340 ‚²
869 3275 905 3327 ut
939 3261 1128 3344 potuimus,

188 3371 332 3439 exsoluta
356 3389 404 3437 cst
430 3389 460 3437 et
491 3374 611 3456 dicata,
634 3397 726 3458 quam
756 3393 786 3442 et
810 3380 871 3441 hoc
904 3377 998 3440 modo
1019 3397 1127 3442 canere

185 3505 218 3556 et
245 3489 350 3555 verbis
391 3486 532 3571 proferre
562 3493 695 3575 poeticis
726 3514 743 3559 a
770 3493 912 3559 Phaedro
945 3495 1045 3560 coacti
1075 3514 1128 3558 su-

187 3627 272 3686 mus.
317 3606 349 3675 Τ
353 3628 372 3673 ιι
400 3625 474 3673 vero
500 3622 530 3673 et
563 3609 753 3675 antedictis
781 3611 948 3692 ignoscens
985 3626 1016 3678 et
1046 3611 1122 3687 haec

225 3859 264 3931 (t)
285 3856 353 3911 rot.
372 3858 424 3914 ,ρο
444 3858 478 3912 r.
493 3857 523 3911 a.

631 3961 692 4043 14
