2618 4680
1202 743 1283 789 ’Ἧι

178 854 182 859 .
201 790 474 854 excessuum
493 799 650 856 INGENH
668 798 974 875 noc'sstlrtszqun
994 800 1106 855 vnto*

354 1097 623 1178 rumnmco
660 1058 927 1203 cneumno

564 1424 594 1475 S.
629 1425 660 1472 P.
696 1425 733 1472 D.

180 1782 185 1809 ἶ
297 1714 417 1794 PHlL.
461 1721 589 1795 GUIL.
631 1723 731 1797 VAN
767 1715 974 1795 HEUSDE.

180 2256 185 2266 ·
221 2185 322 2288 Cum
350 2235 572 2305 saepenumero
596 2237 630 2287 te
656 2222 816 2306 cogitavi,
847 2218 1112 2304 praestantissime

178 2340 359 2421 Creuzere‚
390 2359 428 2406 ex
449 2360 513 2420 quo
535 2339 760 2423 Heidelbergae
788 2353 858 2403 ate
878 2336 1008 2403 discessi
1039 2351 1114 2400 ante

176 2456 239 2520 hoc
258 2457 451 2535 triennium3
474 2462 543 2522 tum
567 2466 738 2538 numquam
768 2433 908 2519 crebrius
937 2453 1114 2518 lubentius·

180 2589 263 2650 que,
286 2588 380 2650 quam
400 2588 456 2649 per
478 2589 570 2631 omne
590 2586 735 2650 tempus,
759 2587 822 2648 quo
844 2569 919 2630 haec
937 2565 1114 2646 conscripsi

172 2687 382 2776 philosophiae
409 2685 594 2750 Platonicae
619 2687 728 2748 initia.
771 2683 854 2748 Nam
874 2681 998 2747 Platoni
1027 2680 1116 2748 adhi‹

178 2804 256 2868 bens
277 2801 392 2884 scripto
413 2815 466 2867 tua
487 2801 665 2882 praeclara,
691 2797 743 2863 cui
765 2797 845 2863 lucis
866 2795 1000 2862 afferunt
1021 2817 1114 2878 quam

178 2919 374 3004 plurimum,
393 2917 535 3000 ipsorum
558 2930 671 2999 sponte
691 2930 849 2981 auctorem
871 2915 1068 2980 mente-mihi
1082 2932 1115 2981 et

179 3012 371 3119 cogitatione
396 3034 674 3116 repraesentabam.
718 3035 762 3100 Et
784 3034 1011 3099 instaurabatur
1036 3033 1117 3100 mihi

181 3150 276 3219 simul
300 3170 478 3216 sermonum
514 3151 689 3216 recordatio
720 3151 999 3230 suavissimorum,
1033 3165 1115 3230 quos

181 3269 221 3334 de
249 3269 378 3336 Platone
408 3285 439 3333 et
469 3283 558 3333 antea
589 3267 794 3333 habueramus
826 3280 858 3331 et
887 3276 956 3332 tum
980 3282 1118 3331 renova·

179 3385 298 3452 vimus.
342 3382 486 3469 Quorum
507 3386 582 3451 haec
605 3384 670 3450 fere
696 3386 746 3452 vis
772 3385 856 3468 apud
885 3405 935 3450 me
964 3380 1050 3465 suita
1078 3396 1116 3449 ut

181 3502 353 3569 doctrinam
381 3500 568 3584 suspicerent
591 3518 699 3585 tuam,
722 3501 873 3567 infinitam
901 3500 984 3564 illam
1012 3513 1044 3564 et
1071 3519 1120 3566 re·

181 3619 360 3698 conditam,
381 3621 515 3685 colerem
544 3635 647 3688 autem
675 3620 811 3687 animum
840 3632 929 3683 tuum
957 3618 1117 3702 probum,

183 3734 362 3821 integrum,
382 3751 550 3822 apertum,
570 3750 641 3806 tum
668 3758 745 3807 vero
773 3751 906 3804 amarem
930 3748 972 3821 te·
994 3748 1123 3822 propter

189 3872 215 3889 ··
639 3854 675 3927 A
1036 3865 1123 3918 com·
