2618 4680
563 344 760 389 ...my-.-

192 506 280 572 illrun
317 510 349 570 et
373 503 623 569 *disertissimum
650 505 767 588 Lysiae
794 524 979 575 sermonem.
1031 515 1127 582 Phae·
1184 524 1188 541 ·

193 626 266 690 drus
301 620 627 721 primum-recusare,
660 639 696 687 ut
731 643 799 689 mos
835 621 898 689 fert
928 629 1125 713 juventutis,

192 760 254 822 quo
279 757 390 823 nempe
406 740 505 822 magis
531 740 659 805 instaret
683 743 822 822 rogando
843 740 1010 811 Socrates:
1040 743 1126 812 dein·
1217 744 1221 754 '

188 877 261 941 caps
292 875 440 941 peragere
463 858 630 938 lubenter,
656 859 774 941 quippe
803 859 888 929 intus
919 863 1024 928 animo
1049 883 1127 946 gau-

186 977 284 1058 dens,
308 994 404 1058 posse
427 994 461 1041 se
483 993 567 1040 nunc
589 975 705 1058 Lysiae
734 976 886 1042 celebrare
913 981 1123 1061 eloquentiam

186 1107 218 1159 et
244 1111 323 1159 vero
345 1111 432 1161 suam
463 1092 538 1157 item
570 1092 756 1157 ostendere:
794 1106 862 1157 tum
894 1093 987 1158 ambo
1013 1115 1123 1176 proce-

186 1215 259 1278 dere
289 1224 320 1274 et
341 1212 445 1275 locum
475 1210 661 1291 exquirere,
684 1209 740 1275 ubi
763 1211 842 1274 alter
867 1210 1008 1291 legeret,
1037 1210 1126 1275 audi·

186 1341 235 1393 ret
262 1318 460 1416 Lysiamque
490 1326 691 1391 admiraretur
719 1328 819 1394 alter:
851 1327 991 1391 invenire
1021 1341 1125 1393 autem

188 1447 283 1525 longe
300 1442 557 1507 amoenissimum
568 1441 601 1505 in
621 1441 706 1510 Ilissi
726 1441 795 1523 ripa
814 1443 874 1506 sub
892 1445 1016 1526 platano
1035 1457 1126 1525 patu-

189 1559 231 1623 lis
255 1556 371 1624 diffusl
392 1558 498 1625 ramis.
516 1557 566 1622 lbi
578 1560 638 1642 jam
650 1558 806 1625 Phaedrus
824 1577 996 1626 sennonem
1017 1560 1126 1625 recitat

191 1674 358 1757 singularis
380 1675 471 1755 plane
496 1674 689 1755 armamenti,
713 1689 744 1739 et
774 1674 879 1757 ipsum
909 1675 1122 1760 singularem,

187 1792 283 1855 multa
303 1803 369 1854 arte
395 1785 597 1868 confectum,
627 1787 797 1856 verborum
819 1790 1057 1874 dictionumque
1069 1813 1123 1858 va·

184 1907 292 1972 rietate
320 1881 493 1988 insignem,
516 1906 571 1971 sed
595 1906 675 1969 hanc
704 1906 805 1995 ipsam
833 1907 874 1970 ob
902 1924 1044 1971 caussam
1064 1907 1124 1971 mi·

183 2022 321 2093 rabiliter
344 2023 517 2105 placentem
551 2022 670 2105 juveni.
696 2019 727 2070 (¹)
771 2019 838 2105 Qui
869 2034 905 2084 ut
930 2020 1024 2089 finem
1047 2020 1126 2088 feeit

1078 2140 1123 2207 le·

152 2338 159 2345 ·
184 2312 188 2319 '
217 2312 256 2383 (ι)
278 2312 311 2364 In
338 2311 390 2365 hoe
421 2329 542 2364 sermone
569 2309 706 2362 desiderat
733 2307 870 2378 'Paylorus
894 2311 1021 2365 oratoris
1059 2308 1121 2378 Ly-

181 2403 235 2453 siae
272 2401 381 2451 dicendi
408 2418 506 2467 genus,
548 2400 577 2448 in
607 2401 662 2449 vita
683 2398 782 2464 Lysiae
810 2417 838 2464 p.
863 2400 915 2468 59:
946 2400 1123 2467 quamobrem

181 2490 229 2541 alii
253 2483 314 2540 euni
343 2488 441 2555 Lysiae
471 2487 647 2536 tribuendum
671 2487 805 2537 censebat.
848 2488 908 2539 Hoc
935 2506 1015 2554 quam
1039 2489 1122 2552 irrep,

182 2584 242 2627 tum
270 2577 323 2635 sit,
363 2575 425 2625 satis
456 2573 652 2622 demonstravit
679 2571 828 2638 Wyttenh.
857 2575 891 2622 ad
923 2573 1060 2626 Plutarch.
1089 2575 1123 2629 de

183 2662 246 2714 aud.
287 2661 356 2728 phil.
384 2678 412 2726 p.
447 2661 497 2710 540
526 2658 569 2709 Cf.
605 2657 750 2707 Heindorf.
788 2664 815 2707 et
852 2660 912 2708 Ast.
942 2662 974 2709 ad
1007 2659 1123 2710 Phaedr.

183 2750 212 2803 h.
234 2751 254 2801 l.
283 2758 310 2801 et
338 2749 441 2802 Groen.
463 2747 638 2814 ·Prosopogr.
678 2744 748 2795 Plat.
788 2763 817 2812 p.
853 2747 912 2797 115.
938 2747 1036 2816 ‚nohis
1064 2750 1125 2798 ani..

183 2840 404 2899 madvertendum
433 2839 562 2901 videtur,
602 2853 658 2887 non
684 2837 836 2887 orationem
865 2835 963 2905 Lysiae
988 2840 1017 2891 in
1039 2855 1118 2889 amo.

181 2946 240 2985 rem
248 2966 256 2992 ‚
294 2929 340 2982 sed
369 2931 508 3000 dialogum
535 2946 549 2978 a
582 2927 695 2976 Platone
725 2925 882 2994 significari.
903 2920 1036 3000 Γέγραφε
1063 2931 1119 3002 γὰρ

182 3029 197 3086 δ
226 3033 337 3098 Aueiae
360 3025 523 3100 πειρώμενον
536 3024 602 3080 τινα
616 3023 673 3077 τῶν
685 3023 802 3085 καλῶν,
825 3018 882 3092 οὐχ
896 3018 948 3074 ὑπὸ
960 3015 1064 3091 ἔραςαῦ
1075 3026 1115 3088 δὲ.

183 3122 233 3198 ὀα]
251 3127 283 3179 C.
313 3124 376 3195 Quo
398 3121 561 3189 intelligitur
591 3114 738 3166 dramatica
761 3115 856 3166 forma.
886 3116 942 3170 sed
966 3118 1035 3174 hanc
1056 3125 1117 3178 fora

182 3220 348 3287 manr'plane
369 3218 463 3287 prodit
480 3235 541 3269 eum
563 3213 673 3277 initium
703 3211 850 3263 sermonis:
872 3216 933 3284 περὶ
956 3222 1012 3274 τῶν
1041 3217 1116 3289 ἐμῶν

183 3310 362 3380 πραγμάτων
391 3305 528 3373 iniceret
553 3331 604 3345 -·
630 3306 679 3358 230
697 3302 746 3355 E.:
778 3312 835 3358 tum
869 3308 951 3358 linis:
974 3303 1044 3374 ’ἐγὼ
1062 3312 1115 3375 μέν

182 3401 230 3471 οὖν
254 3404 341 3461 ἱκανά
362 3423 409 3473 μοι
433 3402 532 3474 νομίζω
555 3406 593 3460 ait
614 3389 794 3474 aipnpiva'si
816 3400 849 3458 δέ
872 3422 901 3458 τι
930 3406 964 3459 σὺ
997 3402 1121 3473 irradia,

181 3502 336 3579 ἡγούμενος
359 3495 609 3570 παραλελεῖφθαι,
631 3497 733 3571 ἐρώτα.
754 3498 804 3556 254
826 3498 859 3555 C,
888 3496 947 3546 Jam
960 3514 1024 3548 ver0
1043 3484 1117 3568 ejus-

182 3579 405 3658 dem-scriptoris
432 3588 460 3638 iu
483 3587 588 3656 dialogo
606 3588 684 3639 aliam
706 3604 762 3639 esse
779 3587 879 3653 plane,
906 3603 986 3652 quam
1002 3587 1030 3636 in
1054 3604 1120 3638 ora-

175 3679 372 3741 tione,dicendi
393 3679 547 3738 rationem,
584 3694 662 3729 nemo
686 3684 755 3739 est,
805 3675 991 3742 quinsponte
1018 3670 1119 3735 rideat.
1168 3666 1176 3673 ’

183 3769 326 3823 Caeterum
349 3769 419 3820 hunc
448 3766 547 3836 Lysiae
570 3784 740 3831 sermonem,
762 3765 784 3816 si
811 3779 866 3814 non
893 3769 981 3815 totum
1008 3766 1123 3830 finxerit

166 3874 235 3924 ,pro
252 3873 325 3907 mose
345 3850 392 3909 s'uo
415 3838 511 3919 Plato,
533 3854 608 3924 quod
625 3854 710 3905 nolim
735 3855 888 3915 affirmare,
909 3860 981 3909 certa
998 3856 1031 3908 ad
1048 3876 1120 3930 pro-

183 3947 301 4025 positum
322 3964 397 3999 suum
420 3947 498 4015 plane
522 3936 735 4001 accommodasse
752 3943 872 4005 videtur.

613 4015 726 4106 Gy.
