2618 4680
515 206 699 282 ,ἐι-ψει·

147 368 219 462 pii,
250 367 464 453 Aristaeneti,
497 393 578 456 quos
606 376 731 460 juvenis
755 375 788 444 in
810 372 941 461 epistola
974 377 1080 448 critica

144 500 184 566 cl(
207 487 346 564 Platonis
369 489 458 557 fonte
482 491 656 557 emendavit
679 508 710 558 et
724 483 922 576 illustravit,
944 513 982 562 en
1004 517 1082 565 con-

142 612 216 679 silio
249 609 361 677 edendi
392 607 583 690 Plutarchi,-
627 611 736 677 edendl
770 609 873 694 ipsius
908 601 1080 698 Platonis,

140 729 233 812 quod
257 726 411 808 fecisset,
432 742 470 800 ut
493 716 563 809 ipse
587 727 737 811 scripsit,
757 727 821 796 nisi
846 730 928 795 idem
952 731 1080 813 molitus¹

139 845 268 913 fuisset·
286 835 509 915 Ruhnkenius.
565 832 670 911 Natus
703 857 767 912 etat
801 846 840 911 ad
862 845 967 912 literas
1001 861 1081 912 trac·

141 964 251 1033 tendas
265 964 435 1046 antiquas,
458 963 513 1029 sed
533 966 645 1030 naturtl
662 961 734 1028 item
758 963 836 1028 duce
853 963 1017 1029 accedebat
1039 954 1085 1029 ad'

142 1079 376 1162 philosophos,
412 1077 589 1145 Socraticos
623 1077 656 1141 in
688 1067 798 1159 primis
831 1093 862 1142 et
883 1079 1075 1147 Platonicos.

139 1184 337 1274 hemmenam
361 1196 457 1280 igitur
480 1207 605 1268 vastum
622 1191 782 1260 literarum
803 1213 969 1275 campum,
1000 1197 1078 1269 illud

136 1310 318 1378 attendebat
341 1309 494 1390 manime,
517 1310 605 1391 quod
630 1329 702 1374 cunr
735 1309 890 1388 Socrate,
911 1328 983 1374 curn
1011 1301 1079 1377 Pla·

138 1437 242 1506 tons,
264 1446 336 1495 cum
357 1425 525 1504 utriusque
548 1423 700 1505 elegantia
719 1424 966 1508 etphilos'ophia
985 1426 1079 1493 maxi·

137 1559 194 1606 ane
224 1542 567 1624 csset'conjunctum13
613 1556 644 1613 ct
675 1556 750 1607 vero
780 1542 819 1606 ad
852 1543 912 1630 hos
945 1543 1077 1611 interius

121 1657 402 1742 cognoscendos,
443 1663 583 1727 accurate
623 1650 919 1742 diligentissimeque
954 1655 1077 1744 singula

136 1774 333 1857 antiquitatis
361 1782 561 1842 monumenta
595 1773 788 1858 explorabat.
832 1777 996 1860 Ingressus
1029 1794 1077 1844 est

133 1892 182 1959 ita
202 1892 364 1959 historiam
388 1885 633 1973 philosophiae,
654 1891 687 1957 in
711 1902 772 1973 qua
795 1893 937 1978 regnavit
958 1897 1075 1979 plane,

135 2010 239 2092 ipsam
261 2007 423 2097 ,ingressus
454 2021 503 2077 est
531 2006 794 2089 philosophiam,
824 2010 893 2076 sine
923 2031 984 2092 qua
1008 2014 1075 2097 ejus

136 2116 269 2192 historia
303 2125 448 2208 explicari
482 2125 613 2208 nequit:
649 2142 680 2191 et
714 2123 833 2195 factum
868 2127 912 2194 ita
935 2142 1007 2210 est,
1039 2144 1075 2197 ut

134 2235 263 2311 hiennio
292 2260 367 2327 post
395 2245 506 2315 editam
531 2244 695 2328 epistolam
719 2244 881 2328 criticam,
914 2247 1074 2316 Amstelo·

135 2363 218 2429 dani
251 2364 377 2429 doceret
412 2362 538 2449 publice
568 2381 630 2429 una
664 2375 737 2432 cum
768 2361 901 2430 historia
932 2358 1074 2445 philoso-

134 2481 254 2563 phiae,
274 2480 407 2563 logicam
431 2457 523 2546 etiam
547 2494 577 2547 at
600 2479 856 2560 metaphysicam.

135 2648 139 2655 .
179 2595 305 2682 Quodsi
334 2604 406 2660 eum
426 2593 675 2675 wyttenbachio
699 2581 934 2667 Ruhnkenium
949 2607 1074 2676 compa·

134 2726 266 2792 ramus,
289 2710 363 2777 haec
393 2709 523 2801 indoles¹
545 2708 606 2777 viri
640 2707 736 2791 magis
762 2707 854 2773 etiarn
875 2709 993 2791 patebit
1016 2723 1072 2775 no‘a

134 2822 198 2896 his.
247 2823 367 2908 lilius,
400 2826 434 2891 in
468 2845 577 2910 magna
609 2818 837 2907 similitudine,
871 2825 976 2910 dispar
1009 2824 1072 2892 fuit

133 2943 365 3027 quodammodo
401 2942 584 3025 ingenium,
618 2943 725 3026 dispar
759 2942 935 3011 studiorum
966 2945 1071 3012 viaet

108 3039 225 3133 ratio.
270 3062 299 3130 E
335 3061 460 3144 Bargeri
493 3059 673 3142 Ritterlque
706 3059 869 3145 profectus
897 3061 1071 3130 institutio·

131 3191 200 3259 ne,
221 3191 258 3244 ut
283 3199 342 3245 suo
365 3179 434 3261 ipse
457 3176 585 3261 ingenio
609 3167 744 3259 obsequi
767 3178 896 3261 coepit,
930 3177 972 3243 ita
994 3199 1069 3245 con·

134 3295 227 3363 tinuo
259 3294 292 3359 in
325 3293 435 3377 poetas
468 3295 601 3376 incidit,
635 3290 832 3376 Homerum,
866 3288 1068 3374 Hesiodum,

134 3406 349 3488 Homeristas,
370 3402 575 3499 Apollonium
600 3405 786 3492 Rhodium,
818 3400 1069 3490 Callimachum,

132 3527 168 3600 in
200 3525 320 3610 quihus
351 3525 613 3608 interpretandis,
644 3519 866 3606 emendandis,
900 3520 1069 3610 purgandis

131 3642 343 3733 Bentlejanam
365 3643 535 3726 usurpabat
556 3646 706 3711 rationem
727 3659 757 3710 et
774 3641 950 3710 audaciam:
973 3658 1070 3726 prou·

133 3760 163 3864 ti
194 3762 264 3847 ipse
284 3761 423 3830 *Ritrero
457 3751 626 3845 aliquando
660 3762 794 3846 ingenue
828 3759 963 3832 animum
998 3746 1071 3844 apess

133 3895 137 3905 ’
573 3871 648 3946 Ba
959 3874 1067 3961 tiens,
