<?xml version="1.0" encoding="UTF-8"?>
<!DOCTYPE html PUBLIC "-//W3C//DTD XHTML 1.0 Transitional//EN"
    "http://www.w3.org/TR/xhtml1/DTD/xhtml1-transitional.dtd">
<html xmlns="http://www.w3.org/1999/xhtml" xml:lang="en" lang="en">
 <head>
  <title>
</title>
<meta http-equiv="Content-Type" content="text/html;charset=utf-8" />
  <meta name='ocr-system' content='tesseract 3.04.00' />
  <meta name='ocr-capabilities' content='ocr_page ocr_carea ocr_par ocr_line ocrx_word'/>
</head>
<body>
  <div class='ocr_page' id='page_1' title='image "./initiaphilosoph03heusgoog_0079.png"; bbox 0 0 2618 4680; ppageno 0'>
   <div class='ocr_carea' id='block_1_1' title="bbox 543 217 730 284">
    <p class='ocr_par' dir='ltr' id='par_1_1' title="bbox 543 217 730 284">
     <span class='ocr_line' id='line_1_1' title="bbox 543 217 730 284; baseline -0.005 -43"><span class='ocrx_word' id='word_1_1' title='bbox 543 217 730 284; x_wconf 52' lang='lat'>...72-</span> 
     </span>
    </p>
   </div>
   <div class='ocr_carea' id='block_1_2' title="bbox 176 379 1122 935">
    <p class='ocr_par' dir='ltr' id='par_1_2' title="bbox 176 379 1122 935">
     <span class='ocr_line' id='line_1_2' title="bbox 176 379 1115 464; baseline 0 -17"><span class='ocrx_word' id='word_1_2' title='bbox 176 379 296 462; x_wconf 87' lang='lat' dir='ltr'>rilsque</span> <span class='ocrx_word' id='word_1_3' title='bbox 322 380 505 464; x_wconf 84' lang='lat' dir='ltr'>ambagibus</span> <span class='ocrx_word' id='word_1_4' title='bbox 529 382 677 463; x_wconf 78' lang='lat' dir='ltr'>oberret,</span> <span class='ocrx_word' id='word_1_5' title='bbox 710 380 766 446; x_wconf 89' lang='lat' dir='ltr'>sed</span> <span class='ocrx_word' id='word_1_6' title='bbox 792 381 895 446; x_wconf 86' lang='lat' dir='ltr'>redeat</span> <span class='ocrx_word' id='word_1_7' title='bbox 920 392 1023 447; x_wconf 86' lang='lat' dir='ltr'>tarnen</span> <span class='ocrx_word' id='word_1_8' title='bbox 1041 394 1115 447; x_wconf 74' lang='lat' dir='ltr'>tan-</span> 
     </span>
     <span class='ocr_line' id='line_1_3' title="bbox 176 497 1113 591; baseline 0 -27"><span class='ocrx_word' id='word_1_9' title='bbox 176 499 247 564; x_wconf 84' lang='lat' dir='ltr'>dem</span> <span class='ocrx_word' id='word_1_10' title='bbox 272 501 311 564; x_wconf 92' lang='lat' dir='ltr'>ad</span> <span class='ocrx_word' id='word_1_11' title='bbox 325 498 554 583; x_wconf 88' lang='lat' dir='ltr'>simplicitatem</span> <span class='ocrx_word' id='word_1_12' title='bbox 574 497 761 583; x_wconf 84' lang='lat' dir='ltr'><strong>pristinam,</strong></span> <span class='ocrx_word' id='word_1_13' title='bbox 782 511 908 563; x_wconf 90' lang='lat' dir='ltr'>naturae</span> <span class='ocrx_word' id='word_1_14' title='bbox 926 514 1113 591; x_wconf 73' lang='lat' dir='ltr'><strong>congruam.</strong></span> 
     </span>
     <span class='ocr_line' id='line_1_4' title="bbox 177 613 1118 702; baseline -0.003 -22"><span class='ocrx_word' id='word_1_15' title='bbox 177 613 309 702; x_wconf 82' lang='lat' dir='ltr'><strong>Qualem</strong></span> <span class='ocrx_word' id='word_1_16' title='bbox 331 634 404 680; x_wconf 89' lang='lat' dir='ltr'>sane</span> <span class='ocrx_word' id='word_1_17' title='bbox 419 635 487 682; x_wconf 87' lang='lat' dir='ltr'>esse</span> <span class='ocrx_word' id='word_1_18' title='bbox 505 615 693 683; x_wconf 84' lang='lat' dir='ltr'>Socraticam</span> <span class='ocrx_word' id='word_1_19' title='bbox 712 615 884 697; x_wconf 87' lang='lat' dir='ltr'>rationem,</span> <span class='ocrx_word' id='word_1_20' title='bbox 902 614 979 680; x_wconf 89' lang='lat' dir='ltr'>adde</span> <span class='ocrx_word' id='word_1_21' title='bbox 997 628 1028 678; x_wconf 89' lang='lat' dir='ltr'>et</span> <span class='ocrx_word' id='word_1_22' title='bbox 1043 615 1118 680; x_wconf 88' lang='lat' dir='ltr'>Pla·</span> 
     </span>
     <span class='ocr_line' id='line_1_5' title="bbox 177 730 1120 814; baseline 0.001 -20"><span class='ocrx_word' id='word_1_23' title='bbox 177 731 339 812; x_wconf 86' lang='lat' dir='ltr'>tonicam‚</span> <span class='ocrx_word' id='word_1_24' title='bbox 360 750 418 797; x_wconf 90' lang='lat' dir='ltr'>nec</span> <span class='ocrx_word' id='word_1_25' title='bbox 440 731 607 814; x_wconf 87' lang='lat' dir='ltr'>quisquam</span> <span class='ocrx_word' id='word_1_26' title='bbox 632 732 815 814; x_wconf 83' lang='lat' dir='ltr'>negaverit,</span> <span class='ocrx_word' id='word_1_27' title='bbox 844 730 899 813; x_wconf 95' lang='lat' dir='ltr'>qui</span> <span class='ocrx_word' id='word_1_28' title='bbox 922 750 987 796; x_wconf 86' lang='lat' dir='ltr'>eam</span> <span class='ocrx_word' id='word_1_29' title='bbox 1014 743 1120 796; x_wconf 87' lang='lat' dir='ltr'>totam</span> 
     </span>
     <span class='ocr_line' id='line_1_6' title="bbox 178 845 1122 935; baseline -0.005 -21"><span class='ocrx_word' id='word_1_30' title='bbox 178 849 395 932; x_wconf 83' lang='lat' dir='ltr'>perspexerit,</span> <span class='ocrx_word' id='word_1_31' title='bbox 418 864 450 914; x_wconf 90' lang='lat' dir='ltr'>et</span> <span class='ocrx_word' id='word_1_32' title='bbox 469 848 605 935; x_wconf 88' lang='lat' dir='ltr'>probant</span> <span class='ocrx_word' id='word_1_33' title='bbox 631 850 726 916; x_wconf 92' lang='lat' dir='ltr'>hodie</span> <span class='ocrx_word' id='word_1_34' title='bbox 748 847 957 933; x_wconf 82' lang='lat' dir='ltr'>philosophi,</span> <span class='ocrx_word' id='word_1_35' title='bbox 979 845 1036 926; x_wconf 93' lang='lat' dir='ltr'>qui</span> <span class='ocrx_word' id='word_1_36' title='bbox 1058 865 1122 930; x_wconf 92' lang='lat' dir='ltr'>op-.</span> 
     </span>
    </p>
   </div>
   <div class='ocr_carea' id='block_1_3' title="bbox 84 962 1121 1050">
    <p class='ocr_par' dir='ltr' id='par_1_3' title="bbox 84 962 1121 1050">
     <span class='ocr_line' id='line_1_7' title="bbox 84 962 1121 1050; baseline -0.01 -13"><span class='ocrx_word' id='word_1_37' title='bbox 84 1029 87 1037; x_wconf 94' lang='lat'>.</span> <span class='ocrx_word' id='word_1_38' title='bbox 178 965 284 1031; x_wconf 89' lang='lat' dir='ltr'>timam</span> <span class='ocrx_word' id='word_1_39' title='bbox 312 981 496 1047; x_wconf 84' lang='lat' dir='ltr'>quaerentes</span> <span class='ocrx_word' id='word_1_40' title='bbox 529 967 706 1050; x_wconf 86' lang='lat' dir='ltr'>rationem,</span> <span class='ocrx_word' id='word_1_41' title='bbox 745 979 860 1049; x_wconf 92' lang='lat' dir='ltr'>sponte</span> <span class='ocrx_word' id='word_1_42' title='bbox 888 964 923 1030; x_wconf 91' lang='lat' dir='ltr'>in</span> <span class='ocrx_word' id='word_1_43' title='bbox 955 962 1121 1045; x_wconf 85' lang='lat' dir='ltr'>antiquam</span> 
     </span>
    </p>
   </div>
   <div class='ocr_carea' id='block_1_4' title="bbox 122 1083 1209 3851">
    <p class='ocr_par' dir='ltr' id='par_1_4' title="bbox 178 1083 476 1152">
     <span class='ocr_line' id='line_1_8' title="bbox 178 1083 476 1152; baseline 0.007 -3"><span class='ocrx_word' id='word_1_44' title='bbox 178 1083 261 1149; x_wconf 88' lang='lat' dir='ltr'>illam</span> <span class='ocrx_word' id='word_1_45' title='bbox 287 1083 476 1152; x_wconf 85' lang='lat' dir='ltr'>inciderunt.</span> 
     </span>
    </p>

    <p class='ocr_par' dir='ltr' id='par_1_5' title="bbox 122 1197 1209 2937">
     <span class='ocr_line' id='line_1_9' title="bbox 224 1197 1122 1288; baseline -0.002 -22"><span class='ocrx_word' id='word_1_46' title='bbox 224 1201 315 1288; x_wconf 85' lang='lat' dir='ltr'>Quae</span> <span class='ocrx_word' id='word_1_47' title='bbox 336 1222 409 1268; x_wconf 91' lang='lat' dir='ltr'>cum</span> <span class='ocrx_word' id='word_1_48' title='bbox 428 1203 472 1276; x_wconf 84' lang='lat' dir='ltr'>ita</span> <span class='ocrx_word' id='word_1_49' title='bbox 490 1201 577 1283; x_wconf 92' lang='lat' dir='ltr'>sint,</span> <span class='ocrx_word' id='word_1_50' title='bbox 607 1202 680 1283; x_wconf 89' lang='lat' dir='ltr'>via,</span> <span class='ocrx_word' id='word_1_51' title='bbox 698 1202 732 1266; x_wconf 91' lang='lat' dir='ltr'>ni</span> <span class='ocrx_word' id='word_1_52' title='bbox 754 1200 873 1283; x_wconf 84' lang='lat' dir='ltr'>fallor,</span> <span class='ocrx_word' id='word_1_53' title='bbox 896 1213 982 1283; x_wconf 88' lang='lat' dir='ltr'>patet</span> <span class='ocrx_word' id='word_1_54' title='bbox 999 1197 1122 1281; x_wconf 88' lang='lat' dir='ltr'>nobis,</span> 
     </span>
     <span class='ocr_line' id='line_1_10' title="bbox 181 1316 1209 1413; baseline 0 -30"><span class='ocrx_word' id='word_1_55' title='bbox 181 1337 381 1402; x_wconf 88' lang='lat' dir='ltr'>perquam,</span> <span class='ocrx_word' id='word_1_56' title='bbox 411 1321 490 1386; x_wconf 90' lang='lat' dir='ltr'>duce</span> <span class='ocrx_word' id='word_1_57' title='bbox 507 1321 637 1386; x_wconf 90' lang='lat' dir='ltr'>Platone</span> <span class='ocrx_word' id='word_1_58' title='bbox 664 1334 696 1385; x_wconf 89' lang='lat' dir='ltr'>et</span> <span class='ocrx_word' id='word_1_59' title='bbox 721 1324 797 1387; x_wconf 78' lang='lat' dir='ltr'>vera</span> <span class='ocrx_word' id='word_1_60' title='bbox 818 1317 1038 1404; x_wconf 71' lang='lat' dir='ltr'>philosophia,</span> <span class='ocrx_word' id='word_1_61' title='bbox 1066 1316 1124 1383; x_wconf 79' lang='lat' dir='ltr'>&#39;sic</span> <span class='ocrx_word' id='word_1_62' title='bbox 1205 1405 1209 1413; x_wconf 94' lang='lat'><strong>.</strong></span> 
     </span>
     <span class='ocr_line' id='line_1_11' title="bbox 183 1434 1126 1521; baseline -0.003 -19"><span class='ocrx_word' id='word_1_63' title='bbox 183 1434 414 1519; x_wconf 89' lang='lat' dir='ltr'>procedendum</span> <span class='ocrx_word' id='word_1_64' title='bbox 448 1438 514 1521; x_wconf 91' lang='lat' dir='ltr'>sit,</span> <span class='ocrx_word' id='word_1_65' title='bbox 547 1454 584 1504; x_wconf 93' lang='lat' dir='ltr'>ut</span> <span class='ocrx_word' id='word_1_66' title='bbox 613 1439 807 1520; x_wconf 88' lang='lat' dir='ltr'>inquiramus</span> <span class='ocrx_word' id='word_1_67' title='bbox 837 1435 989 1503; x_wconf 91' lang='lat' dir='ltr'>continuo</span> <span class='ocrx_word' id='word_1_68' title='bbox 1010 1435 1044 1500; x_wconf 89' lang='lat' dir='ltr'>in</span> <span class='ocrx_word' id='word_1_69' title='bbox 1066 1453 1126 1515; x_wconf 86' lang='lat' dir='ltr'>na-</span> 
     </span>
     <span class='ocr_line' id='line_1_12' title="bbox 183 1555 1127 1640; baseline 0.001 -21"><span class='ocrx_word' id='word_1_70' title='bbox 183 1569 284 1620; x_wconf 86' lang='lat' dir='ltr'>turam</span> <span class='ocrx_word' id='word_1_71' title='bbox 310 1569 451 1618; x_wconf 88' lang='lat' dir='ltr'>nostram</span> <span class='ocrx_word' id='word_1_72' title='bbox 483 1555 553 1620; x_wconf 91' lang='lat' dir='ltr'>sive</span> <span class='ocrx_word' id='word_1_73' title='bbox 573 1560 712 1622; x_wconf 69' lang='lat' dir='ltr'>anianum</span> <span class='ocrx_word' id='word_1_74' title='bbox 733 1556 869 1621; x_wconf 91' lang='lat' dir='ltr'>hominis</span> <span class='ocrx_word' id='word_1_75' title='bbox 892 1557 1022 1640; x_wconf 88' lang='lat' dir='ltr'>ejusque</span> <span class='ocrx_word' id='word_1_76' title='bbox 1044 1572 1127 1620; x_wconf 87' lang='lat' dir='ltr'>eon·-</span> 
     </span>
     <span class='ocr_line' id='line_1_13' title="bbox 181 1669 1125 1753; baseline 0.002 -17"><span class='ocrx_word' id='word_1_77' title='bbox 181 1669 333 1736; x_wconf 91' lang='lat' dir='ltr'>ditionem</span> <span class='ocrx_word' id='word_1_78' title='bbox 362 1684 554 1752; x_wconf 78' lang='lat' dir='ltr'>praesentem</span> <span class='ocrx_word' id='word_1_79' title='bbox 575 1685 606 1734; x_wconf 89' lang='lat' dir='ltr'>et</span> <span class='ocrx_word' id='word_1_80' title='bbox 634 1672 821 1752; x_wconf 85' lang='lat' dir='ltr'>pristinam:</span> <span class='ocrx_word' id='word_1_81' title='bbox 852 1687 919 1737; x_wconf 91' lang='lat' dir='ltr'>tum</span> <span class='ocrx_word' id='word_1_82' title='bbox 941 1670 1125 1753; x_wconf 86' lang='lat' dir='ltr'>singulatim</span> 
     </span>
     <span class='ocr_line' id='line_1_14' title="bbox 184 1785 1126 1875; baseline 0.005 -24"><span class='ocrx_word' id='word_1_83' title='bbox 184 1806 310 1870; x_wconf 83' lang='lat' dir='ltr'>agamus</span> <span class='ocrx_word' id='word_1_84' title='bbox 327 1785 460 1867; x_wconf 88' lang='lat' dir='ltr'>primum</span> <span class='ocrx_word' id='word_1_85' title='bbox 482 1787 521 1851; x_wconf 88' lang='lat' dir='ltr'>de</span> <span class='ocrx_word' id='word_1_86' title='bbox 546 1788 656 1875; x_wconf 76' lang='lat' dir='ltr'>pulcro</span> <span class='ocrx_word' id='word_1_87' title='bbox 681 1803 711 1853; x_wconf 88' lang='lat' dir='ltr'>et</span> <span class='ocrx_word' id='word_1_88' title='bbox 735 1808 863 1871; x_wconf 87' lang='lat' dir='ltr'>amore,</span> <span class='ocrx_word' id='word_1_89' title='bbox 887 1809 966 1869; x_wconf 90' lang='lat' dir='ltr'>quae</span> <span class='ocrx_word' id='word_1_90' title='bbox 981 1788 1126 1873; x_wconf 75' lang='lat' dir='ltr'>proxime</span> 
     </span>
     <span class='ocr_line' id='line_1_15' title="bbox 186 1903 1126 1988; baseline 0.004 -17"><span class='ocrx_word' id='word_1_91' title='bbox 186 1919 262 1971; x_wconf 91' lang='lat' dir='ltr'>sunt</span> <span class='ocrx_word' id='word_1_92' title='bbox 290 1905 374 1988; x_wconf 89' lang='lat' dir='ltr'>apud</span> <span class='ocrx_word' id='word_1_93' title='bbox 403 1905 561 1971; x_wconf 87' lang='lat' dir='ltr'>Platonem</span> <span class='ocrx_word' id='word_1_94' title='bbox 584 1919 616 1969; x_wconf 92' lang='lat' dir='ltr'>et</span> <span class='ocrx_word' id='word_1_95' title='bbox 645 1903 679 1970; x_wconf 91' lang='lat' dir='ltr'>in</span> <span class='ocrx_word' id='word_1_96' title='bbox 710 1904 848 1970; x_wconf 91' lang='lat' dir='ltr'>hominis</span> <span class='ocrx_word' id='word_1_97' title='bbox 878 1911 991 1973; x_wconf 77' lang='lat' dir='ltr'>natura</span> <span class='ocrx_word' id='word_1_98' title='bbox 1015 1927 1126 1975; x_wconf 85' lang='lat' dir='ltr'>secum</span> 
     </span>
     <span class='ocr_line' id='line_1_16' title="bbox 187 2025 1172 2115; baseline -0.007 -16"><span class='ocrx_word' id='word_1_99' title='bbox 187 2030 321 2099; x_wconf 88' lang='lat' dir='ltr'>invicem</span> <span class='ocrx_word' id='word_1_100' title='bbox 349 2032 534 2115; x_wconf 88' lang='lat' dir='ltr'>conjuncta:</span> <span class='ocrx_word' id='word_1_101' title='bbox 570 2029 717 2112; x_wconf 88' lang='lat' dir='ltr'>deinceps</span> <span class='ocrx_word' id='word_1_102' title='bbox 750 2030 789 2094; x_wconf 92' lang='lat' dir='ltr'>de</span> <span class='ocrx_word' id='word_1_103' title='bbox 818 2051 911 2111; x_wconf 78' lang='lat' dir='ltr'>aero,</span> <span class='ocrx_word' id='word_1_104' title='bbox 956 2028 995 2093; x_wconf 94' lang='lat' dir='ltr'>de</span> <span class='ocrx_word' id='word_1_105' title='bbox 1021 2025 1101 2092; x_wconf 88' lang='lat' dir='ltr'>ideis</span> <span class='ocrx_word' id='word_1_106' title='bbox 1113 2075 1131 2108; x_wconf 84' lang='grc'>,.</span> <span class='ocrx_word' id='word_1_107' title='bbox 1167 2096 1172 2107; x_wconf 69' lang='grc'>,</span> 
     </span>
     <span class='ocr_line' id='line_1_17' title="bbox 188 2144 1131 2228; baseline 0.001 -17"><span class='ocrx_word' id='word_1_108' title='bbox 188 2149 228 2211; x_wconf 88' lang='lat' dir='ltr'>de</span> <span class='ocrx_word' id='word_1_109' title='bbox 247 2148 406 2213; x_wconf 85' lang='lat' dir='ltr'>dialectica</span> <span class='ocrx_word' id='word_1_110' title='bbox 428 2164 458 2210; x_wconf 94' lang='lat' dir='ltr'>et</span> <span class='ocrx_word' id='word_1_111' title='bbox 482 2145 610 2210; x_wconf 88' lang='lat' dir='ltr'>caeteris</span> <span class='ocrx_word' id='word_1_112' title='bbox 637 2144 834 2228; x_wconf 86' lang='lat' dir='ltr'>disciplinis,</span> <span class='ocrx_word' id='word_1_113' title='bbox 858 2147 1131 2227; x_wconf 75' lang='lat' dir='ltr'>quassaverunt</span> 
     </span>
     <span class='ocr_line' id='line_1_18' title="bbox 189 2259 1131 2351; baseline 0.004 -25"><span class='ocrx_word' id='word_1_114' title='bbox 189 2261 419 2343; x_wconf 89' lang='lat' dir='ltr'>assequendum</span> <span class='ocrx_word' id='word_1_115' title='bbox 449 2259 639 2326; x_wconf 88' lang='lat' dir='ltr'>adhibendae</span> <span class='ocrx_word' id='word_1_116' title='bbox 666 2276 766 2326; x_wconf 84' lang='lat' dir='ltr'>sunt:</span> <span class='ocrx_word' id='word_1_117' title='bbox 808 2261 931 2336; x_wconf 83' lang='lat' dir='ltr'>tandem</span> <span class='ocrx_word' id='word_1_118' title='bbox 953 2262 992 2327; x_wconf 91' lang='lat' dir='ltr'>de</span> <span class='ocrx_word' id='word_1_119' title='bbox 1015 2263 1131 2351; x_wconf 80' lang='lat' dir='ltr'>josto,</span> 
     </span>
     <span class='ocr_line' id='line_1_19' title="bbox 122 2368 1133 2468; baseline 0.002 -23"><span class='ocrx_word' id='word_1_120' title='bbox 122 2368 124 2371; x_wconf 35' lang='lat'>⁵</span> <span class='ocrx_word' id='word_1_121' title='bbox 190 2380 282 2468; x_wconf 80' lang='lat' dir='ltr'>cujus</span> <span class='ocrx_word' id='word_1_122' title='bbox 299 2377 479 2459; x_wconf 87' lang='lat' dir='ltr'>disquisitio</span> <span class='ocrx_word' id='word_1_123' title='bbox 501 2379 585 2462; x_wconf 91' lang='lat' dir='ltr'>apud</span> <span class='ocrx_word' id='word_1_124' title='bbox 604 2379 765 2444; x_wconf 87' lang='lat' dir='ltr'>Platonem</span> <span class='ocrx_word' id='word_1_125' title='bbox 788 2392 820 2443; x_wconf 91' lang='lat' dir='ltr'>et</span> <span class='ocrx_word' id='word_1_126' title='bbox 841 2381 1013 2462; x_wconf 77' lang='lat' dir='ltr'>moralem,</span> <span class='ocrx_word' id='word_1_127' title='bbox 1034 2400 1133 2462; x_wconf 84' lang='lat' dir='ltr'>quant</span> 
     </span>
     <span class='ocr_line' id='line_1_20' title="bbox 191 2495 1135 2585; baseline 0 -22"><span class='ocrx_word' id='word_1_128' title='bbox 191 2516 252 2563; x_wconf 91' lang='lat' dir='ltr'>nos</span> <span class='ocrx_word' id='word_1_129' title='bbox 285 2496 440 2579; x_wconf 89' lang='lat' dir='ltr'>dicimus,</span> <span class='ocrx_word' id='word_1_130' title='bbox 468 2495 645 2562; x_wconf 83' lang='lat' dir='ltr'>doctrinam</span> <span class='ocrx_word' id='word_1_131' title='bbox 674 2496 895 2581; x_wconf 85' lang='lat' dir='ltr'>complectitur</span> <span class='ocrx_word' id='word_1_132' title='bbox 921 2512 952 2562; x_wconf 91' lang='lat' dir='ltr'>et</span> <span class='ocrx_word' id='word_1_133' title='bbox 967 2498 1135 2585; x_wconf 76' lang='lat' dir='ltr'>politicam</span> 
     </span>
     <span class='ocr_line' id='line_1_21' title="bbox 193 2613 1136 2707; baseline -0.002 -24"><span class='ocrx_word' id='word_1_134' title='bbox 193 2615 303 2685; x_wconf 87' lang='lat' dir='ltr'>simul.</span> <span class='ocrx_word' id='word_1_135' title='bbox 346 2615 485 2702; x_wconf 77' lang='lat' dir='ltr'>Quibus</span> <span class='ocrx_word' id='word_1_136' title='bbox 509 2613 696 2699; x_wconf 89' lang='lat' dir='ltr'>adjiciendae</span> <span class='ocrx_word' id='word_1_137' title='bbox 725 2615 798 2707; x_wconf 83' lang='lat' dir='ltr'>item</span> <span class='ocrx_word' id='word_1_138' title='bbox 827 2629 918 2680; x_wconf 91' lang='lat' dir='ltr'>erunt</span> <span class='ocrx_word' id='word_1_139' title='bbox 945 2614 1136 2698; x_wconf 91' lang='lat' dir='ltr'>philosophi</span> 
     </span>
     <span class='ocr_line' id='line_1_22' title="bbox 194 2732 1136 2818; baseline -0.001 -19"><span class='ocrx_word' id='word_1_140' title='bbox 194 2735 234 2800; x_wconf 92' lang='lat' dir='ltr'>de</span> <span class='ocrx_word' id='word_1_141' title='bbox 255 2736 364 2801; x_wconf 89' lang='lat' dir='ltr'>mundi</span> <span class='ocrx_word' id='word_1_142' title='bbox 385 2737 498 2818; x_wconf 88' lang='lat' dir='ltr'>opifice</span> <span class='ocrx_word' id='word_1_143' title='bbox 520 2749 551 2799; x_wconf 89' lang='lat' dir='ltr'>et</span> <span class='ocrx_word' id='word_1_144' title='bbox 576 2749 698 2799; x_wconf 78' lang='lat' dir='ltr'>natura</span> <span class='ocrx_word' id='word_1_145' title='bbox 717 2732 827 2800; x_wconf 77' lang='lat' dir='ltr'>divina</span> <span class='ocrx_word' id='word_1_146' title='bbox 843 2732 1032 2812; x_wconf 85' lang='lat' dir='ltr'>sententiae,</span> <span class='ocrx_word' id='word_1_147' title='bbox 1054 2733 1136 2798; x_wconf 89' lang='lat' dir='ltr'>duc·</span> 
     </span>
     <span class='ocr_line' id='line_1_23' title="bbox 195 2850 1136 2937; baseline 0.004 -23"><span class='ocrx_word' id='word_1_148' title='bbox 195 2866 245 2937; x_wconf 82' lang='lat' dir='ltr'>tae</span> <span class='ocrx_word' id='word_1_149' title='bbox 272 2850 342 2914; x_wconf 89' lang='lat' dir='ltr'>illae</span> <span class='ocrx_word' id='word_1_150' title='bbox 370 2853 531 2916; x_wconf 86' lang='lat' dir='ltr'>maximam</span> <span class='ocrx_word' id='word_1_151' title='bbox 558 2863 698 2931; x_wconf 84' lang='lat' dir='ltr'>partem,</span> <span class='ocrx_word' id='word_1_152' title='bbox 738 2864 822 2914; x_wconf 82' lang='lat' dir='ltr'>certe</span> <span class='ocrx_word' id='word_1_153' title='bbox 861 2850 1059 2932; x_wconf 85' lang='lat' dir='ltr'>explicandae</span> <span class='ocrx_word' id='word_1_154' title='bbox 1093 2871 1136 2919; x_wconf 84' lang='lat' dir='ltr'>ex</span> 
     </span>
    </p>

    <p class='ocr_par' dir='ltr' id='par_1_6' title="bbox 145 2964 1177 3761">
     <span class='ocr_line' id='line_1_24' title="bbox 197 2964 1175 3063; baseline 0.003 -35"><span class='ocrx_word' id='word_1_155' title='bbox 197 2964 468 3045; x_wconf 86' lang='lat' dir='ltr'>disputationibus</span> <span class='ocrx_word' id='word_1_156' title='bbox 487 2964 762 3047; x_wconf 85' lang='lat' dir='ltr'>praecedentibus.</span> <span class='ocrx_word' id='word_1_157' title='bbox 1168 3048 1175 3063; x_wconf 43' lang='lat'><strong>·</strong></span> 
     </span>
     <span class='ocr_line' id='line_1_25' title="bbox 145 3058 1136 3171; baseline 0.004 -23"><span class='ocrx_word' id='word_1_158' title='bbox 145 3058 148 3064; x_wconf 26' lang='grc' dir='ltr'>Ι</span> <span class='ocrx_word' id='word_1_159' title='bbox 240 3083 286 3149; x_wconf 88' lang='lat' dir='ltr'>Et</span> <span class='ocrx_word' id='word_1_160' title='bbox 311 3080 356 3147; x_wconf 91' lang='lat' dir='ltr'>sie</span> <span class='ocrx_word' id='word_1_161' title='bbox 381 3081 529 3162; x_wconf 84' lang='lat' dir='ltr'>quidem,</span> <span class='ocrx_word' id='word_1_162' title='bbox 551 3081 584 3146; x_wconf 92' lang='lat' dir='ltr'>ni</span> <span class='ocrx_word' id='word_1_163' title='bbox 601 3081 761 3165; x_wconf 85' lang='lat' dir='ltr'>fallimur,</span> <span class='ocrx_word' id='word_1_164' title='bbox 784 3085 925 3152; x_wconf 88' lang='lat' dir='ltr'>ordinem</span> <span class='ocrx_word' id='word_1_165' title='bbox 944 3106 1136 3171; x_wconf 79' lang='lat' dir='ltr'>sequemur,</span> 
     </span>
     <span class='ocr_line' id='line_1_26' title="bbox 199 3199 1137 3287; baseline 0.004 -20"><span class='ocrx_word' id='word_1_166' title='bbox 199 3221 264 3284; x_wconf 91' lang='lat' dir='ltr'>quo</span> <span class='ocrx_word' id='word_1_167' title='bbox 292 3199 396 3284; x_wconf 89' lang='lat' dir='ltr'>ipsum</span> <span class='ocrx_word' id='word_1_168' title='bbox 421 3199 453 3264; x_wconf 91' lang='lat' dir='ltr'>in</span> <span class='ocrx_word' id='word_1_169' title='bbox 474 3199 728 3284; x_wconf 89' lang='lat' dir='ltr'>philosophando</span> <span class='ocrx_word' id='word_1_170' title='bbox 756 3223 957 3287; x_wconf 85' lang='lat' dir='ltr'>progressum</span> <span class='ocrx_word' id='word_1_171' title='bbox 992 3221 1040 3270; x_wconf 88' lang='lat' dir='ltr'>est</span> <span class='ocrx_word' id='word_1_172' title='bbox 1061 3207 1137 3272; x_wconf 82' lang='lat' dir='ltr'>&#39;Pla-</span> 
     </span>
     <span class='ocr_line' id='line_1_27' title="bbox 197 3307 1139 3403; baseline 0.003 -16"><span class='ocrx_word' id='word_1_173' title='bbox 197 3319 284 3387; x_wconf 92' lang='lat' dir='ltr'>tonis</span> <span class='ocrx_word' id='word_1_174' title='bbox 311 3317 483 3403; x_wconf 81' lang='lat' dir='ltr'>ingenium.</span> <span class='ocrx_word' id='word_1_175' title='bbox 534 3318 665 3398; x_wconf 88' lang='lat' dir='ltr'>Juvenis</span> <span class='ocrx_word' id='word_1_176' title='bbox 702 3319 756 3383; x_wconf 91' lang='lat' dir='ltr'>ille</span> <span class='ocrx_word' id='word_1_177' title='bbox 795 3320 975 3387; x_wconf 87' lang='lat' dir='ltr'>Socraticus</span> <span class='ocrx_word' id='word_1_178' title='bbox 1009 3307 1073 3388; x_wconf 83' lang='lat' dir='ltr'>fuit</span> <span class='ocrx_word' id='word_1_179' title='bbox 1105 3339 1139 3390; x_wconf 83' lang='lat' dir='ltr'>et</span> 
     </span>
     <span class='ocr_line' id='line_1_28' title="bbox 189 3434 1177 3523; baseline -0.002 -20"><span class='ocrx_word' id='word_1_180' title='bbox 189 3440 266 3522; x_wconf 85' lang='lat' dir='ltr'>egit</span> <span class='ocrx_word' id='word_1_181' title='bbox 293 3439 325 3504; x_wconf 92' lang='lat' dir='ltr'>in</span> <span class='ocrx_word' id='word_1_182' title='bbox 347 3439 488 3504; x_wconf 85' lang='lat' dir='ltr'>Phaedro</span> <span class='ocrx_word' id='word_1_183' title='bbox 519 3435 558 3514; x_wconf 84' lang='lat' dir='ltr'>de</span> <span class='ocrx_word' id='word_1_184' title='bbox 587 3456 693 3503; x_wconf 81' lang='lat' dir='ltr'>amoro</span> <span class='ocrx_word' id='word_1_185' title='bbox 724 3451 754 3501; x_wconf 88' lang='lat' dir='ltr'>et</span> <span class='ocrx_word' id='word_1_186' title='bbox 781 3438 903 3523; x_wconf 81' lang='lat' dir='ltr'>pulcro.</span> <span class='ocrx_word' id='word_1_187' title='bbox 948 3439 1001 3505; x_wconf 84' lang='lat' dir='ltr'>Ad</span> <span class='ocrx_word' id='word_1_188' title='bbox 1024 3437 1137 3517; x_wconf 85' lang='lat' dir='ltr'>Mega·</span> <span class='ocrx_word' id='word_1_189' title='bbox 1176 3434 1177 3438; x_wconf 68' lang='grc'>’</span> 
     </span>
     <span class='ocr_line' id='line_1_29' title="bbox 201 3550 1138 3633; baseline -0.003 -14"><span class='ocrx_word' id='word_1_190' title='bbox 201 3557 284 3622; x_wconf 89' lang='lat' dir='ltr'>rieos</span> <span class='ocrx_word' id='word_1_191' title='bbox 319 3556 476 3623; x_wconf 84' lang='lat' dir='ltr'>concessit</span> <span class='ocrx_word' id='word_1_192' title='bbox 514 3554 626 3620; x_wconf 90' lang='lat' dir='ltr'>deinde</span> <span class='ocrx_word' id='word_1_193' title='bbox 656 3568 686 3620; x_wconf 94' lang='lat' dir='ltr'>et</span> <span class='ocrx_word' id='word_1_194' title='bbox 713 3554 895 3633; x_wconf 89' lang='lat' dir='ltr'>Eleaticos‚</span> <span class='ocrx_word' id='word_1_195' title='bbox 937 3569 1070 3632; x_wconf 89' lang='lat' dir='ltr'>quorum</span> <span class='ocrx_word' id='word_1_196' title='bbox 1102 3550 1138 3617; x_wconf 88' lang='lat' dir='ltr'>in</span> 
     </span>
     <span class='ocr_line' id='line_1_30' title="bbox 201 3664 1138 3761; baseline -0.002 -25"><span class='ocrx_word' id='word_1_197' title='bbox 201 3670 392 3753; x_wconf 84' lang='lat' dir='ltr'>disputando</span> <span class='ocrx_word' id='word_1_198' title='bbox 415 3673 587 3748; x_wconf 87' lang='lat' dir='ltr'>subtilitate</span> <span class='ocrx_word' id='word_1_199' title='bbox 611 3687 745 3758; x_wconf 87' lang='lat' dir='ltr'>captus,</span> <span class='ocrx_word' id='word_1_200' title='bbox 768 3692 883 3761; x_wconf 77' lang='lat' dir='ltr'>otram</span> <span class='ocrx_word' id='word_1_201' title='bbox 896 3664 1051 3747; x_wconf 80' lang='lat' dir='ltr'>inquirere</span> <span class='ocrx_word' id='word_1_202' title='bbox 1064 3666 1138 3759; x_wconf 81' lang='lat' dir='ltr'>dis-</span> 
     </span>
    </p>

    <p class='ocr_par' dir='ltr' id='par_1_7' title="bbox 1073 3800 1139 3851">
     <span class='ocr_line' id='line_1_31' title="bbox 1073 3800 1139 3851; baseline -0.061 -1"><span class='ocrx_word' id='word_1_203' title='bbox 1073 3800 1139 3851; x_wconf 48' lang='lat' dir='ltr'>tur,</span> 
     </span>
    </p>
   </div>
   <div class='ocr_carea' id='block_1_5' title="bbox 0 0 1348 4680">
    <p class='ocr_par' dir='ltr' id='par_1_8' title="bbox 0 0 1348 4680">
     <span class='ocr_line' id='line_1_32' title="bbox 0 0 1348 4680; baseline 0 0"><span class='ocrx_word' id='word_1_204' title='bbox 0 0 1348 4680; x_wconf 95' lang='lat' dir='ltr'> </span> 
     </span>
    </p>
   </div>
  </div>
 </body>
</html>
