2618 4680
442 262 634 338 ...189-

80 438 112 505 in
133 440 289 506 uberrima
306 437 510 522 philosophia
527 413 713 518 sententias,
737 440 835 507 donec
856 443 917 510 illic
931 447 1006 511 con-

80 558 220 624 firmatus
250 578 284 626 ac
306 557 550 636 corroboratus,
573 556 695 621 tandem
718 555 883 638 aliquando
915 582 1008 630 unam

81 677 287 757 deprehendat
330 673 520 756 doctrinam,
576 693 654 755 quae
685 673 786 756 ipsius
824 677 867 741 sit
906 680 1008 761 pulcri

81 793 220 858 scientia.
241 790 273 836 <¹³

123 911 212 977 Talis
229 925 276 976 est
292 911 531 977 celebratissima
551 910 603 975 illa
624 909 763 976 Socratis
775 917 1010 995 {petramma-
1039 894 1063 923 ⁸

82 1032 128 1094 ris
161 1027 345 1114 disciplina,
377 1030 466 1114 cujus
504 1029 681 1110 elegantiam
717 1044 748 1094 et
786 1029 1007 1112 sublimitatem

82 1160 256 1226 agnoscunt
279 1164 409 1226 omnes,
431 1163 491 1211 nos
511 1146 543 1235 in
569 1145 675 1227 primis
700 1144 854 1211 admirari·
871 1147 1007 1216 solemus

83 1261 324 1343 simplicitatem:
356 1263 596 1328 animadvertere
615 1278 716 1329 autem
738 1264 791 1328 hic
813 1262 886 1328 licet
899 1250 1010 1346 xphilo·

84 1379 211 1460 sophiae
236 1395 267 1444 ct
287 1386 422 1462 poiseos
443 1377 617 1445 discrimen.
646 1381 723 1447 Non
743 1379 885 1443 laudatur
902 1347 1009 1463 aditor,

29 1560 32 1569 ,
84 1499 162 1578 sed,
185 1497 284 1579 qualis
312 1497 376 1576 sit,
401 1515 466 1576 quo
493 1497 618 1574 tendat,
648 1496 724 1576 quid
743 1494 869 1574 efficiat,
900 1467 1011 1576 a‘xqui-

38 1618 41 1623 “
83 1614 183 1679 ritur:
206 1632 271 1678 non
296 1615 360 1678 alae
388 1628 596 1678 memorantur
616 1612 730 1692 animi,
753 1632 831 1694 quae
852 1614 890 1678 ad
910 1612 1013 1695 pulcri

83 1732 263 1813 adspectum
302 1731 508 1811 germinent,
544 1731 775 1812 hominemque¹
809 1731 943 1796 evehant
978 1731 1013 1795 in

84 1847 203 1912 beatam
236 1849 376 1914 Deorum
402 1849 505 1913 sedem
535 1862 566 1912 et
592 1866 735 1930 campum
766 1847 927 1930 veritatis3
959 1848 1014 1913 sed

84 1981 193 2030 natura
214 1964 550 2040 attenditurhumana,
573 1978 603 2026 et
624 1962 871 2044 investigantur,
891 1983 969 2042 quae
985 1964 1016 2026 ei
1076 1949 1083 1962 ⁸

85 2080 218 2161 insunt,
243 2080 345 2145 studia
366 2094 397 2144 ct
420 2077 582 2144 facultates
614 2077 775 2144 sublimes.
828 2079 1016 2147 Enthusias·

83 2217 153 2264 mus
179 2216 244 2262 non
267 2197 452 2262 describitur
473 2196 607 2276 amoris,
630 2197 685 2262 sed
712 2195 778 2278 pari
802 2194 935 2262 efficacia
962 2196 1012 2262 vis
1056 2225 1059 2229 ·

84 2315 253 2380 declaratur
282 2314 383 2397 pulcri
402 2313 440 2377 ad
477 2313 590 2376 insitas
621 2330 763 2390 quasque
791 2312 928 2405 ‚virtutes
958 2313 1012 2377 eli·

82 2432 205 2495 ciendas
238 2441 270 2491 et
296 2426 503 2509 explicandas.
547 2427 623 2509 Quo
649 2439 715 2490 nos·
739 2428 842 2491 evexit
870 2428 1014 2492 sublimis

83 2548 136 2611 ille
163 2545 195 2608 in
218 2543 355 2608 Phaedro
376 2542 532 2624 hymnus,
555 2542 612 2624 qui
636 2541 771 2624 poeticis
802 2542 850 2607 his
873 2545 1024 2624 splendet

84 2661 295 2745 imaginibus,
324 2661 431 2725 eodem
452 2677 511 2723 nos
536 2657 669 2724 adducit¹
694 2659 838 2739 simplex,
856 2658 1015 2726 Diotimae

84 2799 186 2849 sermo
200 2779 277 2860 ,sed
286 2776 378 2842 efficit
389 2777 438 2841 hic
450 2775 545 2842 simul
557 2825 568 2858 ,
580 2790 616 2841 ut
636 2795 714 2856 quae
726 2775 790 2839 illic
803 2776 926 2859 poetice
938 2792 1014 2842 sunt

84 2898 191 2979 dicta,
229 2897 389 2982 magisque
415 2897 454 2960 ad
481 2896 668 2960 movendum
696 2913 788 2974 quam
824 2895 863 2959 ad
887 2903 1014 2976 persua-

86 3018 219 3083 dendum
250 3016 376 3094 valent,
408 3015 519 3079 horum
546 3016 608 3097 jam
635 3030 834 3092 assequamur
859 3011 1014 3094 significa-

84 3136 226 3213 tionem,
252 3133 473 3215 proprietatem
502 3146 618 3213 ntque,
641 3144 677 3194 ut
703 3131 746 3196 ita
764 3131 883 3212 dicam,
903 3133 1015 3198 verita-

63 3278 65 3286 s
86 3264 160 3314 tem.
205 3254 270 3318 Imo
297 3269 372 3316 vero
400 3268 460 3314 nos
477 3248 603 3330 longius
628 3247 719 3312 etiam
739 3248 845 3335 educit
861 3247 1012 3313 Diotimc.

81 3369 150 3453 Jam
169 3365 248 3430 enim
267 3367 462 3449 pervenimus
480 3341 550 3451 eo,
574 3366 660 3448 quod
672 3365 705 3429 in
724 3362 924 3448 philosophia
943 3366 1014 3445 pul·

86 3486 131 3549 cri
149 3503 303 3550 summum
320 3497 368 3548 est
385 3496 417 3562 ct
435 3497 625 3562 extremum,
639 3484 678 3546 ad
696 3481 792 3562 ipsam
804 3479 905 3560 pulcri
915 3480 1030 3544 scien··

88 3603 171 3667 tiam.
191 3602 259 3686 Jam
278 3619 379 3681 vero,
400 3599 467 3680 ait,
489 3618 612 3665 ornnem
633 3598 757 3663 intende
776 3596 889 3665 mentis
904 3597 1023 3680 aciem,

904 3733 908 3744 ·
936 3711 1015 3798 Qut·
1044 3780 1047 3785 .

124 3853 162 3922 (ι)
183 3851 276 3922 Svmp.
295 3873 354 3926 ²09·
374 3855 406 3906 E.
426 3869 484 3905 210.
504 3851 540 3905 D.
603 3900 607 3907 .
