2618 4658
700 314 895 379 *150*

331 497 424 557 uuam
447 477 531 543 serio
561 480 753 558 tractando,
772 478 805 544 iu
832 479 961 561 singulis
984 478 1152 560 meditari,
1179 498 1270 563 quat

330 592 405 656 huic
429 593 475 656 rei
497 593 710 657 conueniunt:
735 592 813 674 qui,
835 593 923 660 verbi
939 614 1073 676 caussa,
1093 611 1196 677 aptus
1222 594 1270 683 fu·¹

330 725 424 775 turus
454 725 506 773 est
523 707 658 792 agricola
695 710 746 774 vel
770 709 967 791 aedificator,
990 713 1151 777 ludentem
1185 713 1270 791 huma

336 842 482 909 oportere
510 827 665 892 ateneris
693 827 744 896 vel
785 829 889 892 colere
918 845 1029 893 terram
1057 830 1110 894 vel
1130 831 1271 913 pueriles

334 944 485 1024 quasdam
504 945 616 1010 domos
640 944 818 1012 aedificare:
843 945 933 1011 illum
951 963 1051 1027 vero,
1074 947 1133 1029 qui
1160 949 1272 1021 educa

334 1076 525 1144 urnamque,
564 1063 690 1146 utrique
726 1065 839 1129 debere
875 1063 1082 1132 instrumenta
1117 1065 1273 1146 quaedam

334 1182 487 1262 parvula,
507 1201 652 1248 verorum
683 1182 855 1264 imagines,
886 1202 1015 1266 parare:
1039 1183 1197 1265 omnino,
1220 1203 1274 1268 pet

333 1297 428 1361 ludos
453 1316 492 1361 eo
512 1312 694 1364 conuertere
707 1317 877 1382 puerorum
901 1296 1085 1381 cupiditates
1099 1312 1132 1364 et
1155 1299 1274 1383 volup·

336 1429 436 1494 tates,
460 1434 525 1498 quo
545 1418 659 1482 maturi
678 1431 776 1483 aetate
792 1415 971 1500 peruenisse
988 1415 1128 1482 debeant.
1159 1407 1272 1506 Kathai-

335 1551 421 1602 λαιον
446 1540 482 1612 m
507 1541 645 1612 παιδείαις
666 1540 798 1619 λὲγομεν
813 1541 867 1614 riu
894 1539 974 1619 iulio
1002 1537 1136 1620 τροφίιν,
1173 1537 1196 1617 ii
1225 1542 1272 1607 roi

334 1652 489 1732 παίζοντος
507 1655 560 1727 riu
581 1656 687 1734 ψυχὴν
705 1656 747 1726 eir
771 1654 866 1733 ἔρωτα
889 1650 934 1720 ὅτι
965 1653 1090 1732 maltro
1109 1651 1184 1734 ἄξει
1206 1657 1270 1725 roo'-

333 1790 409 1841 του,
431 1765 464 1834 οὗ
482 1771 579 1844 δεήσει
606 1771 762 1848 γενόμενον
778 1767 860 1849 ἄνδρ’
872 1771 963 1837 αὐτὸν
979 1771 1097 1836 τέλειον
1124 1767 1270 1859 eleuarit

331 1886 386 1952 ati
408 1887 593 1968 πράγματος
612 1889 735 1967 ἀρετῆς.
781 1881 886 1970 Caput
905 1903 966 1949 esse
987 1867 1292 1957 institutorem.

331 2003 429 2067 einim
465 2017 583 2068 rectam
619 2000 854 2080 educationem,
892 2022 973 2086 quae
1001 1999 1143 2066 ludentis
1180 2005 1290 2090 puori.

331 2123 472 2184 animam
499 2118 547 2183 ad
571 2138 709 2182 amorem
735 2117 825 2184 ducit
852 2119 964 2197 illius,
986 2115 1072 2203 quod
1097 2120 1196 2186 uirile·
1224 2114 1292 2204 atvs

327 2249 397 2301 tate
413 2249 585 2300 assecutum
612 2254 674 2301 csse
696 2250 836 2322 oportet,
858 2237 886 2301 si
893 2234 1054 2324 perfectus
1073 2237 1111 2300 in
1121 2251 1202 2304 arte
1218 2257 1272 2304 saa

319 2353 460 2439 futurus
477 2367 534 2419 ert.
556 2351 588 2395 (Ψ

368 2469 471 2537 Festls
489 2469 587 2552 igitur
610 2468 806 2537 solemnibus
831 2469 911 2535 nihil
939 2468 1032 2535 facile
1062 2489 1137 2536 esse
1168 2471 1271 2556 aptius

326 2589 546 2672 efficaciusque
571 2603 695 2674 poterat
733 2587 773 2653 ad
804 2588 898 2655 insita
934 2588 1035 2671 pulcri
1076 2589 1271 2676 honestique

325 2708 430 2777 studia
441 2707 601 2775 excitanda
613 2721 643 2772 et
662 2704 884 2773 confirmanda.
928 2707 1010 2773 Nam
1030 2707 1179 2785 ludendo
1203 2729 1270 2796 per·

323 2826 496 2908 agebantur
536 2825 668 2890 maxime
685 2839 730 2889 ,et
755 2825 879 2890 summi
916 2823 1089 2904 hilaritate,
1128 2845 1195 2894 nec
1222 2848 1271 2896 so·

320 2942 389 3006 lum
418 2942 599 3022 currendo,
620 2941 787 3023 luctand0,
809 2940 980 3023 aurigando
1000 2940 1206 3023 caeterisque
1227 2949 1274 3023 lo
1294 2972 1307 2991 -·

319 3056 370 3122 dis
404 3057 581 3140 gymnicis,
621 3057 678 3123 sed
716 3055 845 3125 musicis
883 3058 975 3129 etiam
1010 3057 1267 3147 certaminibus,

321 3194 401 3260 quae
431 3176 470 3242 ad
512 3175 673 3258 Apollinis
706 3179 936 3259 Musarumque
978 3168 1190 3263 exemptum,
1235 3179 1269 3259 iu

320 3294 429 3362 choris
456 3293 716 3375 celebrabantur,
739 3311 772 3372 et,
798 3293 973 3360 ludentium
992 3292 1269 3382 spectantiumqut

319 3413 440 3482 animos
465 3413 504 3478 ad
527 3410 673 3478 sublimia
691 3432 835 3495 quaeque
854 3413 1039 3478 evehebant.
1085 3411 1198 3492 Chori
1212 3434 1269 3494 am

320 3548 408 3616 tem,
432 3530 521 3616 quod
543 3531 596 3596 hlc
622 3528 716 3596 nobis
741 3527 868 3595 minime
889 3529 1109 3615 negligendum
1125 3544 1209 3615 est,
1230 3547 1267 3603 ut

1116 3649 1267 3737 ,Μὴ

311 3826 494 3966 fimum·
523 3832 547 3884 1.
566 3833 627 3888 643.
652 3835 687 3887 Δ.
705 3835 738 3889 C·
767 3835 804 3888 D.
824 3836 870 3890 uhi
897 3833 934 3890 V.
961 3839 1021 3890 nat.
1043 3819 1091 3893 ci:
1110 3790 1260 3912 hepsiv.
1300 3896 1306 3913 x
