2618 4680
566 259 755 321 man„

157 422 160 431 '
194 407 390 502 nequiens
414 416 567 498 interius,
595 433 632 483 ut
656 418 797 486 insinues
819 432 852 483 te
873 427 1005 511 ptjotsus
1027 413 1061 484 in
1083 420 1132 501 ip

194 551 261 602 tarn
290 535 410 618 antiqui
434 537 512 602 aevi
533 535 713 619 cogitandi,
755 536 932 618 sentiendi,
982 536 1131 618 dicendi,

195 651 440 739 philosophandi
465 652 638 718 tationem:
663 655 750 735 quod
771 653 827 735 qui
853 671 919 719 non
947 650 1048 734 fecit,
1079 672 1132 721 en⁴

191 770 322 856 plicabit
352 771 520 835 verborum
548 769 786 852 dictionumque
818 790 910 838 usum
944 785 976 837 et
1008 761 1133 854 signill-

192 888 373 967 cationem,
412 886 512 967 ipsam
539 886 675 953 auctoris
709 888 894 954 sententiam
930 901 962 954 et
995 902 1136 954 mentem

190 1015 257 1070 non
280 996 458 1088 explicabit.
502 996 768 1087 wyttenbachius
796 1005 840 1070 ita
867 1017 903 1070 se
932 1003 1058 1088 penitus
1081 1004 1131 1070 in⁴

189 1121 327 1188 sinuavit
356 1120 390 1185 in
411 1119 650 1202 antiquitatem,
672 1135 709 1187 ut
729 1120 836 1187 vivere
856 1122 1016 1189 videretur
1039 1124 1130 1205 plane

188 1236 222 1302 in
245 1234 355 1302 mediis
384 1234 447 1300 illis
484 1235 615 1302 Graecis
650 1250 681 1301 et
712 1229 877 1303 Romanis.
932 1239 1130 1304 Adolescens

186 1356 249 1439 jam
283 1352 417 1437 legendo
452 1351 688 1433 Demosthene,
727 1353 761 1418 in
795 1355 890 1440 hujus
926 1368 958 1421 et
989 1354 1130 1439 Philippi

188 1486 329 1554 tempora
350 1489 385 1535 se
408 1483 512 1537 totum
542 1468 752 1537 transtulerat.
783 1467 882 1556 Quod
901 1470 970 1554 ipse
992 1470 1130 1555 descripa

187 1587 285 1654 sitin
308 1585 499 1669 praefatione
530 1587 749 1666 Selectorum,
786 1588 937 1654 imorem
960 1587 1131 1672 proposuit

189 1702 288 1772 oculis
312 1703 442 1769 nostris.
486 1695 618 1784 Video,
652 1702 779 1783 inquit,
802 1702 967 1773 Oratorem
996 1706 1129 1786 ardete,

188 1808 318 1903 dolere,
351 1821 473 1906 impetu
496 1816 766 1889 ferriz'tneeudoe
786 1835 818 1885 et
840 1820 932 1904 ipse,
956 1821 1129 1904 eodemque

187 1952 276 2007 motu
296 1936 439 2005 auferor:
455 1937 555 2026 altior
575 1936 642 2020 fio,
665 1956 724 2005 nec
747 1957 816 2004 sum
842 1937 898 2019 qul
920 1935 1056 2005 fueram:
1080 1936 1129 2004 vi«

185 2058 261 2123 deor
291 2057 367 2122 mihi
397 2054 626 2123 Demosthenes
653 2057 722 2140 ipsc
742 2075 837 2136 esse,
864 2071 951 2122 stans
976 2055 1009 2121 in
1029 2055 1130 2122 tribu·

185 2174 248 2239 nali
271 2175 351 2238 hanc
378 2156 549 2239 orationem
574 2173 707 2253 babere,
728 2165 971 2238 Atheniensium
998 2171 1155 2239 concio-.

133 2320 134 2324 ¹
183 2309 254 2355 nem
282 2291 321 2356 ad
349 2291 501 2374 majorum
524 2289 676 2356 virtutem
699 2300 731 2352 et
753 2286 884 2370 gloriam
912 2289 1043 2353 hortari.
1078 2316 1128 2342 aa

185 2408 250 2475 Sed
276 2407 310 2473 in
336 2407 513 2475 oratoribus
542 2402 680 2488 legendis
708 2403 824 2486 pariter
852 2416 1016 2472 vereantur
1047 2406 1124 2488 alii,

184 2540 371 2605 quamquam
404 2541 469 2588 non
492 2519 606 2602 multi:
642 2517 822 2602 paucissimi
854 2541 931 2587 vero
963 2521 1126 2606 reperiam·

181 2655 256 2724 tut,
291 2642 346 2725 qui
378 2641 424 2706 sic
457 2639 561 2722 legant
586 2630 797 2720 philosophos
826 2638 987 2722 antiquos.
1032 2632 1125 2728 Quae

181 2770 231 2823 tes
258 2777 331 2824 sanc
360 2777 485 2840 magnas
509 2753 603 2821 habet
626 2750 845 2838 difficultates,
869 2769 970 2838 coque
990 2760 1125 2842 majores

179 2871 282 2951 istas,
306 2891 370 2952 quo
400 2871 498 2951 magis
530 2888 707 2952 propensus
740 2886 789 2937 est
815 2877 925 2936 natura
962 2873 1058 2963 bomo
1083 2872 1123 2940 ad

181 3006 239 3052 sua
267 3001 407 3067 tempora
436 2984 469 3048 in
495 2984 628 3066 pristina
655 2986 755 3055 veluti
789 2985 1011 3053 transferenda.
1067 2987 1121 3054 Sic

180 3100 244 3186 ipsi
269 3098 382 3168 Gracci
408 3101 571 3184 ingentes
599 3101 775 3172 Orientales
793 3125 870 3171 suos
898 3100 1121 3185 mores,‘suas

179 3219 348 3302 reilgiones
369 3222 615 3303 transtulerunt,
638 3237 675 3289 ut
695 3221 797 3288 ubivis
813 3235 963 3289 terrarum
978 3223 1040 3306 jam
1060 3239 1121 3287 no-

179 3337 231 3401 bis
258 3349 424 3402 occutrant
451 3355 557 3404 eorum
586 3339 731 3422 Jupiter,
772 3339 938 3427 Bacchus,
973 3341 1117 3423 Apollo,

180 3449 349 3535 Minerva,
373 3456 515 3536 quamvis
540 3451 713 3523 Orientales
742 3455 796 3525 Dii
826 3457 1120 3548 perquantsfuerint
1176 3538 1181 3547 .

180 3571 220 3636 ab
248 3572 335 3638 hisce
366 3571 494 3638 diversi.
538 3570 590 3638 Sic
618 3573 691 3639 item
720 3575 823 3642 medio
845 3597 922 3643 aevo
944 3555 1000 3657 q'ui
1029 3592 1120 3641 cane·

179 3685 254 3754 bant
280 3690 414 3772 poetae,
436 3702 611 3770 equestrem
644 3690 694 3755 sui
725 3693 877 3776 temporis
911 3693 1062 3759 rationem
1084 3690 1127 3755 in·

176 3805 329 3888 mtiqttos
358 3805 499 3873 Graecos
524 3819 555 3871 et
576 3801 739 3874 Romanos
769 3809 992 3893 tradtrxerunt,
1015 3822 1051 3875 ut
1070 3808 1121 3875 in·
1145 3835 1147 3841 ¹

1060 3927 1119 3995 du·
