2618 4680
563 218 703 296 ...143
724 245 772 262 .-

194 397 259 463 .nis
274 394 422 463 officium.
451 391 629 461 'Perfectus
642 393 791 467 videlicet
806 395 900 461 homo
934 395 961 459 is
980 409 1073 473 est„
1087 395 1143 477 qui

210 532 226 576 a
256 527 360 576 tenera
386 512 456 577 inde
481 525 602 591 aetate,
635 511 816 592 priusquam
840 512 916 593 quid
941 511 1141 592 bonum‘ssp,
1179 512 1185 537 ⁸

193 630 288 710 >qnid
305 631 419 699 malum
431 675 445 708 ,
456 629 595 712 judicare
612 640 738 708 potest,
755 643 868 711 sponte
883 650 963 708 sua,
985 648 1023 693 ex
1046 624 1144 694 rehus

209 747 328 828 pulcris
347 760 382 817 ,et
413 745 506 811 bonis
529 746 746 827 voluptatem,
771 766 809 811 ex
831 748 984 828 turpibus
1004 761 1035 810 et
1052 728 1143 813 malis

209 864 349 929 dolorem
365 863 474 945 cepit:
495 876 608 928 nactus
628 877 729 928 autem
756 884 828 929 cum
859 863 978 928 ratione
1001 863 1145 947 judican-
1172 890 1175 897 ·

209 982 240 1046 di
259 979 461 1060 facultatem,
482 980 632 1045 rationem
662 999 734 1045 cum
753 981 813 1044 hoc
832 998 927 1044 sensu
948 979 981 1044 in
1007 997 1144 1045 concert·

208 1115 273 1164 tum
294 1097 424 1180 redegit.
469 1096 532 1163 Hic
560 1096 679 1163 scilicet
696 1113 888 1178 concentus,
919 1097 992 1162 haec
1014 1102 1143 1182 ξυμφο-

208 1222 256 1287 tt‘et
283 1215 351 1298 ipsa
373 1231 421 1280 est
444 1214 560 1282 virtus.
603 1217 667 1282 Sed
693 1235 763 1280 cum
786 1217 864 1281 hanc
891 1218 1141 1296 voluptatumet

207 1337 353 1400 dolorum
376 1348 488 1398 rectam
520 1333 762 1400 moderationem
784 1334 943 1398 remittant
964 1330 1031 1396 fere
1059 1351 1140 1399 mor·

207 1453 284 1517 tales
313 1465 344 1517 et
362 1462 540 1534 pervertant
564 1469 811 1532 saepenumero,
839 1450 972 1530 indeque
999 1448 1140 1515 oriantur

206 1584 238 1634 et
259 1569 335 1635 vitia
350 1569 454 1633 omnia
468 1584 502 1655 et
524 1587 687 1633 aerumnae
703 1567 923 1651 gravissimae,
946 1564 1001 1632 Dii
1016 1565 1141 1644 ,huma-

207 1704 282 1751 num
304 1703 401 1766 genus
420 1685 578 1764 miserari,
602 1685 756 1750 aerumnis
779 1685 868 1750 hisce
884 1683 950 1749 suis
964 1696 1009 1769 *et
1028 1682 1139 1756 labori-

186 1802 266 1866 -bus
286 1801 523 1882 succumbens,
546 1804 635 1887 setta
655 1786 912 1883 constituerunt,
948 1820 1029 1882 quae
1055 1801 1139 1869 labo·

190 1940 274 1987 -rum
314 1935 418 1985 essent
457 1919 707 1985 intermissiones
741 1920 1036 2002 remotionesque,
1059 1937 1137 1985 tuat

203 2038 318 2105 Mutat
336 2037 520 2103 hominibus
542 2039 694 2102 delerant
713 2052 744 2102 et
763 2036 937 2125 Apollinem
950 2038 1137 2123 Metagene

186 2156 415 2240 ‚Labarumque
431 2173 582 2242 patrem,
606 2154 758 2218 festorum
787 2155 913 2233 socios,
937 2155 1164 2229 utzsaltantes.

202 2271 236 2334 in
263 2271 368 2334 choris
397 2285 427 2332 et
464 2285 637 2350 canentes,
668 2271 707 2334 ad
738 2271 876 2354 rhythmi
899 2271 1138 2354 harmoniaeque
1181 2312 1185 2320 ·

184 2385 344 2451 ‚ordinem
364 2405 440 2452 suos
465 2386 526 2469 ipsi
546 2387 664 2453 animos
689 2408 856 2471 moresque
877 2403 908 2454 et
930 2390 1041 2456 studit¹
1054 2409 1138 2455 com·

182 2518 355 2588 -ponetent
379 2518 475 2586 atque
497 2523 620 2570 omnem
642 2505 683 2572 ita
709 2504 900 2590 corrigerent
920 2506 1075 2589 pristinae
1094 2505 1138 2571 itt·

184 2622 374 2689 :stiurtionis
400 2623 645 2707 perversitatem.
666 2625 697 2670 (¹³

180 2782 185 2792 ·
244 2742 307 2808 Est
323 2761 398 2807 sane
411 2743 548 2824 jucunda
565 2743 640 2806 haec
660 2741 908 2824 philosophandi
930 2741 1034 2820 ratio,
1060 2760 1137 2825 quae

200 2874 345 2941 repetens
358 2860 467 2924 omnia
491 2880 508 2923 a
539 2832 756 2923 remotissimis
784 2859 967 2941 principiis,
989 2858 1074 2924 nihil
1096 2874 1141 2925 ta-

182 2990 270 3036 .men
291 2973 363 3036 inde
395 2974 461 3038 sive
495 2973 696 3038 obscuritatis
725 2975 791 3038 sive
814 2976 988 3058 jejunitatis
1015 2991 1142 3043 contn-

176 3089 272 3167 -hit,
304 3089 385 3167 sed,
418 3089 560 3167 quamvis
594 3082 718 3154 subtilis
753 3106 783 3155 et
812 3110 971 3173 accurata,
1001 3112 1139 3175 poeseos

178 3225 260 3272 nos
288 3204 381 3270 simul
409 3206 503 3288 gratia
526 3223 556 3270 er
574 3224 735 3288 venustate
759 3210 901 3276 delectat.
936 3210 1042 3296 Quam
1056 3200 1144 3277 imi·

174 3328 254 3392 ·tari
289 3324 482 3403 debuerant,
515 3327 570 3405 qui
598 3342 674 3407 post
708 3327 870 3392 Platonem
899 3327 1154 3412 philosophiam

175 3446 301 3531 -puleri
327 3443 507 3524 attigerunt.
557 3444 640 3508 Nam
674 3444 719 3509 sic
743 3446 780 3509 de
818 3448 930 3528 pulcro
956 3447 1136 3530 disserere,

172 3580 233 3630 ·ttt
270 3561 350 3629 ratio
378 3577 409 3625 et
439 3559 540 3625 oratio
563 3561 644 3643 nihil
672 3563 798 3646 minus,
835 3582 927 3648 quam
963 3567 1137 3648 pulcrum,

1091 3703 1140 3750 re·

233 3826 272 3894 (ι)
295 3824 337 3877 De
355 3825 436 3902 [οἷς.
456 3823 497 3876 11.
516 3822 573 3878 653.
597 3824 632 3874 Α.
