2618 4680
567 206 775 279 *128*

200 372 372 440 sedanlmi
400 370 602 455 nostrilapsl
627 384 703 437 sunt
724 367 875 455 deinceps
898 371 937 441 iu
954 370 1048 436 hasce
1066 382 1137 434 tero

199 509 275 573 ras,
295 490 352 556 ubi
379 509 514 573 corpore
542 489 676 571 induto,-
698 489 844 555 sensibns
868 489 929 574 jam
950 489 1070 555 utimur
1088 485 1138 555 ad·

196 625 305 674 uerum
334 608 613 691 cognoscendum,
631 606 762 677 ,incertis
799 607 983 675 liucmanrus
1002 605 1137 688 opinio·

193 723 309 806 nibus,
342 724 561 808 voluptatibus
587 725 662 791 item
694 723 894 791 distrahimur
927 739 957 789 et
983 724 1130 805 cogimur

193 843 286 924 plane
304 843 449 908 deorsum
472 853 626 924 spectare.
671 841 820 925 Superest
836 841 930 907 nobis
952 841 1137 908 recordatio.

192 957 376 1032 coelestium
394 974 578 1040 sacrorum,
592 959 648 1027 sed
672 959 747 1024 haec
765 958 882 1024 sensim
913 959 1138 1042 paulatimque·

189 1073 348 1158 perversis
381 1075 495 1142 studiis
523 1073 558 1140 in
583 1075 694 1143 animis
717 1076 886 1144 evanescit.
939 1076 1024 1144 Nam
1058 1093 1138 1141 non÷

192 1206 241 1273 pst
269 1190 322 1256 hle
352 1189 473 1273 uspiam
491 1191 581 1272 veri,
612 1189 715 1272 boni,
743 1190 846 1275 justi,
879 1189 980 1258 sancti
1008 1190 1135 1274 effigies.

190 1308 275 1388 ullu,
298 1326 379 1389 quae
394 1306 448 1374 illa
476 1306 571 1374 nobis
598 1307 632 1373 in
658 1308 838 1375 memoriam
864 1322 1002 1376 revocet.
1046 1309 1131 1375 Nou

190 1424 272 1493 enim
290 1424 437 1494 sensibus
463 1426 538 1497 haec
564 1425 801 1510 percipiuntur,
832 1426 1002 1509 cogitando
1019 1428 1125 1493 solum

170 1556 222 1636 ‘pt
246 1542 461 1608 ratiocinando
490 1542 658 1626 aegerrime
676 1543 729 1611 illa
746 1545 955 1626 assequimur.
998 1522 1135 1630 Quodsi·

188 1658 293 1741 oculis
324 1678 449 1725 cernere
475 1660 636 1727 veritatem
670 1675 702 1726 et
725 1660 907 1744 sapientiam
938 1681 1147 1745 possemus,-

92 1762 99 1771 ’
185 1775 382 1845 admirabiles
411 1777 462 1842 sui
484 1795 606 1843 amores
639 1777 824 1848 excitarent..
886 1780 1134 1859 Veruntamen,-

187 1894 399 1977 pulcrum,
430 1895 518 1976 quod
540 1894 604 1961 illic
624 1895 752 1962 lucebat
778 1915 902 1961 summo
930 1896 1126 1979 splendore,

187 2007 240 2079 luc
269 2009 364 2076 habet
387 2012 470 2077 clara
493 2010 705 2094 et-splendida
730 2010 906 2086 simulacra.
950 2012 1033 2078 Nam
1051 2013 1126 2094 pul·

185 2145 238 2215 cra
262 2127 408 2194 sensibus
433 2143 541 2211 patent
560 2144 593 2194 et
617 2149 655 2194 eo
673 2129 893 2212 percipiuntur
914 2148 1032 2213 sensu,
1066 2130 1132 2212 qui

120 2328 125 2339 ¹
184 2242 326 2335 omnium
349 2257 398 2308 est
418 2243 631 2310 acutissimus.
675 2244 887 2330 Quamobrem
907 2245 940 2312 in
959 2263 1126 2330 praesente

184 2358 241 2437 bac
262 2358 443 2424 conditione
463 2363 597 2443 nostru,
618 2361 800 2444 pulcritudo
822 2363 901 2429 hanc
924 2363 986 2429 vim
1003 2365 1123 2448 habet,

182 2487 224 2546 ut,
239 2473 472 2558 euidentissima
492 2473 541 2569 sit¹
556 2489 589 2542 et
613 2491 748 2545 mentem
778 2479 918 2545 advertat
941 2479 1123 2562 continuo,

182 2607 215 2660 et
252 2612 390 2665 amorem
419 2592 533 2660 excitet
571 2593 869 2678 flagrantissimum,
903 2595 1021 2680 quippe
1050 2597 1123 2680 ipsa
1147 2588 1164 2656 ζ

180 2730 283 2781 rerum
314 2712 453 2778 omnium
481 2713 613 2779 martimo
635 2713 798 2794 amabilis,
833 2728 865 2777 et
896 2733 973 2778 vero
1000 2712 1123 2781 instau-

181 2845 229 2896 ret
251 2830 459 2897 ellicacissime
486 2840 608 2894 omnem
640 2830 788 2912 pristinae
814 2829 974 2905 felicitatis
1006 2829 1133 2905 divini-2

96 2978 101 2986 ·
180 2965 243 3028 que
281 2944 455 3029 spectaculi
484 2946 744 3012 recordationem.
797 2946 886 3028 Ergo
922 2945 979 3028 qui
1010 2967 1133 3025 recens-

178 3059 348 3138 initiatus,
370 3078 479 3127 eorum
509 3080 589 3141 quae
608 3076 676 3127 tum
691 3062 912 3146 spectabantur
932 3083 1025 3145 quam
1045 3038 1132 3149 plu-¹

178 3176 257 3244 rima
283 3175 445 3260 percepit,
475 3176 526 3258 is,
557 3177 684 3259 quando
712 3178 853 3246 divinum
888 3156 1023 3264 adspicit
1046 3185 1119 3249 vul·

179 3308 273 3377 nuru,
304 3297 354 3361 vel
374 3292 517 3379 corporis
534 3294 695 3378 speciem,
719 3295 824 3380 ipsum
849 3300 995 3382 pulcrum
1023 3302 1130 3383 plane¹
1208 3370 1213 3376 ,

177 3409 386 3491 referentem,
409 3409 544 3494 primum
567 3409 693 3492 quidem
710 3413 930 3509 cohorrescit,
960 3417 1119 3499 subitque

177 3527 284 3615 ipsum
313 3543 430 3610 tremor
453 3528 594 3612 aliquis,
617 3542 652 3596 ut
674 3529 738 3596 illic
765 3546 877 3600 antea:
912 3532 1023 3602 deinde
1059 3554 1116 3601 ve·

178 3664 215 3713 ro
236 3646 417 3728 pdspiciens
447 3661 478 3711 et
500 3649 758 3731 corrumpimus,
788 3665 824 3714 ut
851 3653 963 3718 Deum¹
977 3648 1113 3726 aliquem

177 3757 255 3828 colit
267 3764 417 3832 amasium
430 3779 505 3848 ,et‚
526 3765 588 3831 nisi
604 3781 776 3871 ¹vereretur
795 3765 929 3847 insaniae
943 3761 1111 3862 specim,

1061 3903 1112 3957 sa-
