2618 4680
555 280 751 357 5178&

183 476 276 546 pac‘o
303 474 396 543 potes
415 475 612 541 repugnare,
633 456 754 521 Socrati
777 471 849 518 sero
868 451 1026 517 facillime.
1053 436 1116 517 sed

180 597 212 645 te
232 579 374 660 equidem
392 579 455 660 jam
473 576 605 639 mittam.
648 572 792 638 Narrabo
810 585 906 636 autem
924 567 1029 633 Vobis
1048 589 1117 632 ser⁴

182 715 332 775 monem,
362 713 455 774 quem
488 692 599 756 habuit
624 710 746 754 meeum
766 687 924 768 aliquando
945 686 1115 766 Diotiure,

184 817 278 880 docta
303 813 434 888 mulier,
458 830 538 890 quae
558 809 675 873 amoris
703 827 752 872 me
769 805 956 890 disciplinam
984 803 1115 869 docuit.

182 929 289 1007 Nam,
311 941 350 989 ut
375 926 471 989 modo
498 925 647 1007 Agatho,
680 925 726 988 sic
753 941 811 1006 ego
830 924 869 987 de
892 925 1005 986 Amore
1026 923 1119 984 dixea

181 1060 269 1120 ram,
290 1059 437 1124 magnum
459 1062 532 1108 esse
555 1043 659 1106 Deum
674 1057 706 1105 et
722 1040 915 1105 formosum:
937 1037 1120 1121 pariterque

181 1157 234 1225 itta
250 1157 413 1238 effecerat,
434 1177 492 1223 nec
509 1157 686 1224 formosum
705 1133 793 1223 ilium
812 1177 880 1222 esse
900 1174 957 1221 nec
980 1156 1118 1222 bonum.

184 1277 249 1343 Hic
276 1295 357 1359 ego,
391 1276 451 1340 ain'
478 1278 627 1357 tandem,
658 1296 680 1340 0
704 1275 871 1341 Diotime‘i
902 1273 1037 1338 Teteme
1071 1285 1120 1336 est

184 1406 314 1459 amoret
330 1393 458 1458 taulus?
472 1395 526 1458 uu
544 1414 644 1474 vero,
665 1395 749 1459 bona
766 1390 1017 1472 verba,qnaeso:
1040 1401 1124 1454 tune

185 1532 262 1577 vero
283 1528 397 1594 putas,
420 1515 506 1593 quod
524 1531 589 1576 non
613 1514 757 1594 pulcrum
791 1527 858 1592 est,
888 1507 1059 1574 necessario
1088 1507 1124 1570 id

184 1643 298 1693 tetrum
334 1629 431 1693 esse?
474 1632 542 1694 Aut
568 1633 654 1709 quod
688 1649 754 1694 non
784 1643 832 1694 est
860 1627 1003 1708 sapiens,
1040 1626 1124 1689 stul·

183 1745 279 1810 1111111
301 1745 419 1810 Nonne
435 1746 701 1827 animadvertisti,
725 1748 859 1812 medium
884 1743 959 1826 quid
979 1760 1049 1807 esse
1076 1742 1127 1804 in·

184 1876 233 1926 ter
258 1860 441 1944 sapientiam
469 1876 501 1926 et
531 1863 723 1943 stultitiam,
746 1885 854 1931 aarum
881 1863 1033 1948 opinari?
1056 1858 1129 1922 Ve-·
1155 1910 1158 1919 .

184 1998 253 2045 rum
278 1979 384 2060 enim,
418 1980 566 2060 inquam,
598 1981 637 2044 ab
666 1982 813 2046 omnibus
844 1978 972 2058 dicitur,
1006 1995 1073 2040 uno
1095 1991 1130 2039 et

184 2096 344 2159 communi
362 2114 544 2175 consensu,
566 2116 698 2178 magnus
719 2100 809 2164 Deus
829 2117 905 2168 esse.
946 2091 997 2161 sb
1022 2093 1131 2158 omni·

186 2207 270 2282 bus,
292 2207 388 2269 dicis:
414 2207 662 2292 ignorantibus,
683 2233 722 2278 an
752 2211 948 2280 scientibus?
968 2211 1023 2277 Ab
1055 2230 1128 2280 orn·

184 2316 300 2399 nibus,
314 2309 472 2402 inquam,
506 2327 647 2393 omuino.
693 2330 778 2395 Tum
811 2332 862 2397 illa
881 2326 1065 2406 subridens,
1093 2341 1129 2393 et

186 2453 251 2517 quo
282 2439 402 2503 tandem
433 2454 553 2524 pacto,
587 2445 711 2528 inquit,
742 2468 762 2511 0
792 2450 956 2527 Socrates,
986 2461 1128 2526 magnus

187 2553 275 2619 Deus
293 2555 397 2620 abhis
419 2558 558 2642 dicatur,
582 2562 638 2642 qui
661 2565 764 2629 Deum
782 2567 870 2632 illum
891 2583 961 2629 esse
979 2555 1129 2646 negant?¹

185 2668 321 2752 Quinam
354 2672 399 2738 ilii
427 2679 574 2758 taudem,
597 2679 898 2764 inquam?‚Unus‚
920 2680 1043 2760 inquit,
1066 2682 1130 2754 ho«

184 2801 305 2852 sumtu
321 2808 377 2868 es,
401 2810 462 2857 una
479 2813 550 2874 ego.
595 2797 754 2877 Equidem
774 2819 851 2864 vero
871 2771 1032 2864 dicebant}
1057 2818 1130 2879 quo

186 2901 324 3001 tandem·
344 2907 439 2969 modo
477 2907 538 2972 hoc
575 2911 734 2978 affirmas?
767 2916 958 2997 Manifesta,
994 2915 1127 2996 inquit:

185 3029 256 3076 uam
281 3018 449 3100 tumetipse
480 3023 655 3106 admisisti,
684 3046 828 3111 appetere
862 3052 994 3101 amorem
1014 3034 1129 3115 pulcra

186 3140 218 3192 et
242 3127 348 3208 bona,
371 3136 625 3219 quandoquidem
643 3143 681 3210 iis
696 3161 744 3210 est
763 3149 946 3218 destitutus.
992 3151 1055 3216 His
1071 3171 1128 3216 au·

183 3261 244 3314 teru
271 3246 465 3330 destitutus,
489 3258 545 3333 qui
568 3260 689 3326 tandem
709 3264 813 3344 possit
836 3269 925 3334 Deus
948 3267 1044 3333 esse‘.²
1067 3266 1130 3332 vi-

182 3363 280 3429 desue
299 3364 412 3447 igitur,
435 3381 466 3431 te
487 3369 557 3435 item
589 3393 725 3457 negare,
747 3383 849 3446 Deum
870 3405 938 3448 esse
960 3385 1130 3450 amorem?

182 3479 270 3565 Quid
295 3481 419 3564 igitur?
447 3485 596 3567 iuquam:
631 3509 716 3559 estne
744 3501 883 3565 mortalis
916 3502 1028 3566 arnor?
1060 3502 1131 3565 Mi-

177 3596 272 3662 nime.
316 3600 377 3665 Scd
398 3600 475 3681 quid
490 3610 636 3675 taudem?
663 3642 694 3655 -
717 3616 765 3680 Ur
783 3619 945 3700 superiora
967 3620 1042 3695 illa,
1062 3640 1142 3684 me..

178 3710 265 3776 dium
285 3715 361 3794 quid
378 3717 459 3784 iuter
479 3716 621 3791 'mortalia
640 3743 671 3792 et
708 3724 904 3800 immortalia.
954 3735 1054 3822 Quid¹
1069 3728 1130 3820 igt-

178 3832 252 3909 ‘Ufa
274 3829 437 3902 Diotimet
459 3839 623 3926 Daemon,
655 3865 675 3910 0
708 3842 880 3930 Socrates,
909 3870 1063 3936 magnus:
1094 3869 1129 3919 et

1072 3989 1129 4035 VO·
