2618 4680
685 277 886 341 ''v-18*

323 471 500 542 response
528 456 733 538 perduraret
761 456 807 522 At
837 473 912 523 vero
940 471 1051 538 arnor,
1069 459 1139 539 'qtri
1160 461 1263 531 vineit

323 576 452 656 osana,
472 594 560 641 snior
588 573 747 639 uteremur
770 587 802 638 et
822 574 962 655 artium,
994 574 1052 656 qui
1073 577 1262 642 molestissi-

323 714 373 760 na
396 688 619 759 aismsusvia
640 689 768 770 reddit,
797 690 875 771 hic,
903 685 1260 773 inquam,etcriticos

323 828 355 881 tt
381 813 488 881 nullos
521 827 587 874 non
620 825 750 891 magnos
782 808 870 874 viros
902 807 936 873 in
967 807 1054 874 omni
1084 809 1198 886 artium
1226 827 1262 877 et

321 928 532 994 doctrinarum
556 943 690 1008 genere,
719 924 766 990 sic
790 924 930 991 incendit
950 925 1061 990 ardore
1092 927 1261 992 vehemen-

320 1060 377 1126 te,
407 1059 444 1110 ut
465 1063 524 1127 pro
559 1042 658 1110 literis
671 1090 696 1133 ,‚
716 1061 782 1125 pro,
806 1042 950 1122 artibus,
984 1061 1044 1125 pro
1078 1043 1260 1125 doctrinis,

320 1177 478 1244 tamquam
499 1178 559 1245 pro
580 1159 739 1226 amoribus
769 1159 838 1226 suis
869 1175 902 1227 et
930 1158 1076 1240 deliciis,
1111 1161 1159 1226 nil
1192 1179 1260 1227 non

320 1275 516 1359 susciperent
538 1277 683 1341 lubenter
704 1290 736 1340 et
767 1272 859 1340 facile
880 1274 1092 1358 perficerent,
1120 1277 1190 1342 imo·
1208 1279 1261 1342 ul«

318 1408 370 1461 tro
393 1394 591 1476 exquirerent
609 1382 709 1460 novas
732 1391 954 1473 difficultates,
982 1411 1049 1474 quo
1070 1393 1110 1459 de
1130 1392 1171 1457 iis
1193 1411 1260 1458 nic-

316 1511 381 1578 lius
404 1511 496 1576 etism
518 1509 772 1591 praeclariusque
790 1523 994 1576 mererenstm

363 1625 427 1690 Sed
446 1643 511 1691 oon
535 1640 583 1689 est
606 1624 694 1704 quod
717 1620 796 1688 Tibi
819 1625 894 1690 haec
916 1625 1042 1705 dicam,
1073 1624 1258 1707 creuere,

318 1760 385 1825 quo
418 1759 511 1807 nemo
544 1738 652 1810 facile·
668 1738 727 1810 htc
755 1753 864 1805 nostra
894 1752 993 1806 aetate
1022 1757 1053 1808 et
1085 1743 1257 1813 difficiliore

317 1857 459 1940 suscepit
482 1871 512 1922 et
534 1855 654 1940 peragit
678 1853 875 1923 ninculus.
929 1857 1015 1923 Mihi
1046 1861 1086 1926 de
1106 1861 1256 1942 Wytten-

318 1975 433 2047 btchio
460 1974 668 2054 mumdum,
712 1971 814 2054 qualis
843 1969 964 2054 fuerit,
997 1991 1080 2041 certe
1114 1975 1255 2042 niihi‘slt

315 2091 412 2165 tisun
428 2088 519 2172 fere,
541 2089 906 2165 in'lireristracttndis:
923 2093 1061 2164 necdum
1085 2094 1143 2160 hac
1165 2093 1198 2161 in
1221 2113 1257 2158 re

240 2284 242 2288 ¹
315 2206 393 2272 mihi
414 2206 485 2290 ipse
507 2204 658 2272 satisfeci.
701 2206 786 2272 Nam
816 2227 897 2289 quae
925 2207 1027 2275 adhuc
1050 2208 1135 2288 dixi,
1168 2227 1255 2274 com·

315 2323 421 2390 misnia
444 2324 495 2390 illa
518 2336 659 2406 maniam
681 2338 801 2406 partem
835 2323 949 2399 hebuit„
965 2342 1037 2390 cum
1070 2324 1253 2408 scaligero,

316 2437 536 2519 Casaubono,
565 2437 732 2525 Bentlejo‚
768 2440 1036 2521 Hemsterhusio,
1079 2443 1254 2523 Ernestio,

315 2555 457 2640 Heynio.
515 2554 560 2620 Hi
581 2574 692 2637 omues
714 2572 746 2625 et
768 2557 869 2625 critici
896 2556 1025 2637 fuerunt
1048 2559 1188 2642 primarii
1222 2577 1254 2629 et

307 2671 495 2745 habituum
519 2673 551 2739 in
574 2673 632 2755 his
643 2674 760 2757 literis,
782 2694 953 2759 cursimque
971 2677 1059 2743 ducti
1081 2690 1189 2744 amore·
1207 2678 1254 2751 nil

313 2807 379 2859 nou
408 2811 478 2871 pro·
503 2793 542 2854 iis
573 2795 782 2872 pertulerunt.
842 2792 955 2857 Fuisse
990 2806 1092 2859 autent
1128 2793 1255 2858 videtur

315 2902 567 2985 Wyttenhachio
598 2901 762 2984 proprium
797 2901 876 2982 quid
909 2917 940 2967 et
972 2903 1155 2986 singulare,
1186 2924 1253 2976 non

313 3037 380 3103 quo
404 3019 566 3083 excederet
587 3017 663 3097 viris
686 3014 748 3081 illis
771 3015 919 3083 omuibus
944 3001 982 3082 et*
995 3017 1129 3102 singulis
1141 3036 1171 3086 et
1183 3024 1255 3094 uni-

314 3133 438 3203 uersis:
461 3133 507 3198 ‘sic
536 3135 712 3215 loquuntur
744 3131 887 3208 homines
912 3133 1076 3203 Rhetorici
1097 3153 1128 3202 et
1153 3140 1254 3205 Scho

312 3251 441 3333 latrici,
474 3270 556 3335 quos
590 3251 688 3322 nolim
719 3250 857 3335 imitari3
881 3255 937 3321 sed
957 3272 1022 3336 quo
1047 3254 1254 3340 distinguere·

312 3373 367 3449 tur
388 3371 426 3438 ab
451 3368 526 3440 illis·
571 3369 649 3438 Erat
680 3370 767 3451 hoc,
798 3370 825 3444 si
850 3370 927 3452 quid
960 3371 1079 3452 video,
1113 3373 1252 3444 studium

315 3487 492 3560 Socraticae
530 3487 751 3573 philosophiae
783 3503 814 3554 et
846 3486 1048 3570 Platonicae,
1078 3491 1180 3572 quod·
1195 3490 1253 3558 do·

314 3605 450 3681 minatur
472 3607 506 3672 in
530 3606 698 3687 omnibus,
722 3625 802 3688 quoe
825 3607 951 3690 scripsit
972 3625 1002 3675 et
1025 3618 1251 3677 commentans

313 3736 388 3804 est,
418 3741 454 3795 tc
479 3739 563 3806 putet
586 3745 603 3791 e
627 3723 816 3807 scriptorum
844 3725 991 3805 delectu,
1014 3743 1097 3806 quos
1120 3723 1253 3796 maxime

312 3836 490 3907 tractandos
514 3839 574 3917 sibi
600 3838 766 3924 suscepit,
797 3860 816 3909 e
844 3839 951 3911 studio
971 3838 1125 3922 Juuani,
1145 3840 1254 3913 Eunt·

1179 3953 1224 4036 Pii
1237 3999 1251 4035 s
