2618 4680
537 226 737 290 *¹¹4*

176 391 403 477 contemplati,
423 389 518 456 vitam
548 390 745 455 instituerent
772 384 910 451 omnium
934 370 1123 466 ominem,

177 507 300 590 aisque
318 505 532 589 recuperatis,
555 505 583 571 si
604 505 657 585 qui
680 504 753 585 alii,
775 503 857 567 beati
874 511 980 565 essent
1002 512 1039 564 er
1061 499 1124 569 inu

181 627 342 693 mortales.
388 623 451 689 Sed
480 622 536 686 hac
564 623 603 688 de·
626 638 659 686 re
696 619 854 701 deinceps,
913 611 988 684 Alia
1014 617 1126 701 surae,

179 761 261 823 quae
286 742 323 811 itt-
345 738 533 824 ptdcerrimo
553 751 737 822 argumento
761 736 849 821 ptius
874 734 1046 801 uideantur
1073 752 1131 805 en·

181 859 337 938 ponenda.

181 1020 188 1029 -
224 972 471 1040 Memornvimus
504 974 598 1039 modo
633 971 756 1054 elegans
786 972 989 1054 antiquorum
1026 970 1130 1056 placi

182 1099 252 1159 tum
275 1090 314 1157 de
332 1089 366 1154 vi
392 1089 506 1155 amoris
526 1109 582 1172 per
608 1097 706 1155 t'otam
725 1109 828 1154 rerunt
856 1103 1000 1154 naturam
1029 1088 1131 1161 diffua

184 1222 241 1287 sa,
262 1207 315 1274 cui
339 1206 447 1273 mundi
474 1208 552 1272 adeo
578 1222 682 1273 ortum
702 1206 906 1288 tribuebant,
929 1220 1020 1272 certe
1043 1208 1130 1277 ordl-

185 1341 257 1394 tletn
280 1325 347 1409 ejus
376 1337 406 1388 et
435 1322 571 1406 speciem
591 1324 814 1391 admirabilem.
849 1323 1049 1392 Dmninatur
1066 1327 1129 1394 bod

186 1441 427 1526 philosophema
442 1440 477 1505 in
491 1438 692 1523 Eryximaclri
715 1456 879 1522 sermone,
903 1443 958 1522 qui
977 1442 1130 1526 proxime

187 1566 264 1642 posi
290 1548 474 1625 Pausaniam
495 1558 617 1624 dicendi
640 1559 780 1643 suscepit
800 1574 927 1642 pertesi
944 1561 1013 1624 sed
1043 1560 1129 1644 quod

189 1675 242 1743 itte
271 1676 494 1756 inchoaverat,
513 1677 564 1741 hic
588 1677 788 1759 persequitur
807 1696 926 1757 porr0,
948 1695 1009 1743 nee
1032 1694 1128 1747 unum

191 1793 326 1868 celebret
346 1791 380 1856 in
411 1792 506 1858 rebus
536 1793 685 1858 omnibus
713 1810 870 1874 amorem,
894 1796 949 1860 sed
968 1796 1129 1881 duplicem

154 1942 157 1947 ·
193 1908 382 1992 distinguit,
403 1911 534 1975 alterum
551 1924 778 1991 temperatum,
803 1927 868 1992 quo
895 1908 998 1978 calida
1021 1924 1059 1978 et
1079 1910 1127 1979 fri

194 2030 284 2113 gida,
306 2027 389 2094 sicca
417 2042 448 2093 et
476 2028 602 2093 humida
631 2034 800 2110 congruam
823 2040 913 2093 nacta
943 2029 1129 2113 temperiem
1179 2026 1182 2037 '

193 2146 275 2228 agris
301 2144 492 2210 fertilitatem
518 2145 745 2225 sanitatemque
774 2146 957 2212 hominibus
987 2150 1130 2217 caeteris⁴

191 2253 401 2327 animantibus
420 2256 573 2326 afferunt}
585 2260 756 2325 *dolentum
776 2262 929 2342 alterum,
944 2262 1131 2349 turbidum,
1156 2290 1159 2295 ·

84 2384 86 2388 “
194 2389 432 2456 contumacem,
459 2393 525 2456 quo
559 2375 765 2443 invalescente
787 2393 1039 2462 corrumpuntur
1066 2398 1132 2448 <mn

196 2491 267 2571 nie,
288 2505 488 2574 tempestates
506 2491 651 2559 oriuntur
669 2490 742 2560 cum
760 2495 909 2577 grandine
927 2512 959 2561 et
977 2498 1131 2580 glacie-cl

196 2623 338 2692 segetum
362 2609 544 2694 rubigines,
561 2625 666 2693 pestes
680 2611 756 2676 adeo
778 2625 809 2676 et
827 2607 907 2677 nulli
928 2630 997 2678 non
1016 2617 1131 2681 anima·

195 2727 273 2799 lium
292 2741 323 2792 et
343 2729 517 2810 plantarum
548 2728 662 2794 morbi.
703 2729 757 2794 Sic·
777 2743 897 2795 veteres
924 2746 1007 2812 quae
1027 2735 1131 2801 animo

197 2844 374 2915 sentiebant
389 2847 428 2910 de
448 2863 576 2922 amore,
599 2845 673 2910 haec
692 2845 725 2911 in
748 2867 850 2912 rerum
869 2863 1010 2918 maumam
1032 2868 1132 2920 trans·

196 2956 356 3023 fetebant:
379 2960 548 3040 eademque
584 2962 723 3027 medicus
755 2964 843 3028 hicce
860 2965 893 3030 in
915 2986 1053 3051 corpora
1074 2971 1132 3037 ho·

196 3073 315 3137 minum
344 3085 516 3156 eorumque
545 3077 737 3144 curationem
756 3082 903 3164 applicat.
948 3086 1133 3172 Utrumque

194 3207 353 3270 amorem,
375 3190 501 3273 inquit,
522 3191 720 3277 agnoscimus
744 3197 778 3262 in
793 3199 914 3266 artibus
936 3202 1051 3286 variis,
1064 3219 1129 3271 tunt

197 3321 256 3389 ego
282 3302 359 3370 milti
385 3307 627 3389 deprehendisse
654 3310 763 3376 videor
792 3315 824 3378 in
847 3331 913 3382 arte
933 3333 1047 3386 nostra
1065 3339 1132 3387 mee

196 3421 276 3487 dica·
300 3423 382 3489 Nam
402 3423 460 3489 alia
475 3425 612 3508 appetit,
636 3431 722 3508 quod
741 3429 774 3496 iu
790 3435 979 3517 corporibus
996 3456 1130 3519 sanum,

196 3540 279 3620 alia,
299 3542 385 3621 quod
403 3541 435 3605 in
460 3540 499 3608 iis
520 3540 702 3612 morbosum
722 3564 781 3616 est.
825 3551 935 3616 Prouti
950 3549 1072 3637 igitur,
1093 3554 1133 3621 de

194 3650 362 3745 Pausaniae
390 3661 571 3743 sententis,
605 3645 697 3730 bonis
727 3666 909 3731 hominibus
939 3665 1135 3753 gratificari,

195 3773 359 3858 pulcrum,
381 3778 470 3844 malis
497 3797 593 3864 vero,
616 3794 707 3866 turpe
735 3795 803 3861 est,
834 3778 877 3844 sic
898 3778 932 3845 in
953 3780 1040 3868 ipsis·
1062 3805 1134 3860 eur.

995 3924 1133 3997 ,1³⁰-
