2618 4680
553 326 752 389 -166-.

176 508 336 574 societatis
359 510 510 573 humanae
534 509 690 585 salutem,
711 506 750 569 ad
768 503 912 576 uirtutem
933 501 1120 597 incivitate

179 626 371 693 excitandam
406 640 437 688 et
468 623 700 696 stabiliendam.
745 622 821 706 Quo
851 640 924 687 sano
948 620 1124 716 proposito

178 744 299 810 nullum
323 761 392 812 csse
410 741 531 824 majus,
549 743 671 813 trullum
689 738 857 803 sublimius
878 752 994 827 potest.
1136 739 1141 750 ’

226 858 354 927 Scilicet
384 859 487 921 omnis
511 860 596 939 apud
626 857 786 921 Platonem
818 855 1022 940 philosophia
1050 855 1126 938 pul·
1158 859 1161 863 ’

185 978 232 1040 cri
271 975 317 1039 sic
345 990 394 1040 est
419 994 492 1040 cum
522 994 644 1044 morum
683 975 825 1038 doctrina
850 976 1015 1057 copulata,
1061 989 1123 1055 ut,

186 1095 244 1158 hac
263 1091 408 1172 sublata,
430 1091 484 1157 uix
504 1090 608 1177 possit
629 1090 823 1170 consistere,
848 1106 932 1159 certe
957 1091 1065 1169 visua
1090 1106 1125 1157 et

185 1211 337 1295 dignitate
364 1209 525 1276 maximam
555 1213 673 1292 partem
704 1208 904 1277 destituatur.
948 1210 1009 1290 Est
1032 1208 1140 1292 quasi.

186 1327 338 1394 introitus
356 1327 471 1409 aliquis
490 1327 531 1391 ad
549 1327 632 1393 ultae
655 1328 832 1393 tradendam
854 1326 1004 1411 rationem
1037 1325 1126 1408 opri-

186 1465 292 1528 mam,
313 1446 352 1510 ad
371 1444 472 1527 ipsam
493 1444 703 1526 explicandam
722 1444 882 1525 politicam
914 1442 1123 1527 disciplinam.

187 1563 271 1627 Nam
301 1561 581 1642 disquisitionibus
606 1562 812 1634 instituendis
850 1565 888 1631 de
915 1564 1052 1646 pulcro,
1086 1536 1126 1627 de

184 1697 314 1756 amore,
338 1680 376 1742 de
399 1679 517 1741 musica
544 1692 574 1742 ct
600 1677 742 1759 artibus,
766 1681 799 1744 id
829 1681 894 1762 agit
914 1678 1067 1762 maxime,
1089 1695 1126 1745 ut

185 1796 267 1860 viam
294 1793 388 1858 nobis
404 1795 545 1876 aperiat,
568 1794 705 1872 quaead
734 1793 883 1862 virtutem
901 1795 1002 1860 tendit
1018 1809 1050 1870 et
1073 1813 1127 1859 ue·

185 1932 249 1978 ram
281 1911 443 1977 ciuitatum
474 1909 663 1977 felicitatem.
708 1912 806 1999 Quod
834 1925 931 1977 rmum
959 1913 1127 1979 observas.

188 2051 224 2095 se
249 2031 405 2111 sufficiat,
428 2029 455 2094 si
468 2027 626 2110 explicare
651 2028 811 2110 velimus,
833 2049 929 2113 quare
950 2022 1127 2106 Homerum

188 2147 358 2230 eperfecta
381 2146 510 2212 civitate
531 2147 700 2215 excluserit
729 2149 843 2227 Plato,
866 2162 1049 2230 tantamque
1072 2148 1127 2214 tris

186 2263 292 2328 buerit
311 2263 447 2328 musicae
466 2262 555 2342 tim,
577 2277 613 2329 ut
639 2267 678 2337 ea,
700 2283 848 2346 perverse
875 2269 1031 2346 tractatu,
1056 2283 1127 2333 mu-

184 2380 244 2454 tari
257 2396 289 2446 et
306 2380 506 2464 pessumdari
526 2376 670 2447 civitates
691 2357 854 2449 statueret.
879 2384 910 2436 (¹2
953 2385 1038 2458 Nam
1058 2403 1129 2459 nrt,

185 2497 283 2565 sicam
303 2518 426 2565 omnem
446 2515 476 2564 et
491 2499 627 2581 poesin,
643 2500 813 2574 excolendo
837 2517 903 2575 non
921 2503 1024 2575 solum
1041 2501 1130 2585 ingo.

185 2616 264 2694 nio,
308 2598 364 2682 sed
392 2614 503 2681 morali
535 2617 715 2699 praesertim
747 2617 891 2691 adhibuit
917 2619 1036 2697 civium
1057 2643 1129 2704 per-

172 2704 336 2800 ‘fectioniz
362 2755 424 2816 qua
452 2735 519 2799 sola
550 2733 608 2798 niti
629 2733 772 2805 civitates
799 2753 938 2826 oportet.
983 2737 1129 2823 Quocira

180 2869 216 2915 ca
234 2870 411 2932 perversam
433 2850 599 2930 utriusque
618 2851 767 2917 rationem
791 2870 857 2916 non
883 2853 987 2919 minus
1009 2872 1133 2924 nocere.

178 2964 224 3028 tei
246 2963 390 3045 publicae
408 2963 588 3042 statuebat,
611 2984 702 3044 quam
720 2967 836 3048 justam
864 2971 1025 3048 prodesse.

224 3077 288 3145 Sed
307 3081 451 3161 quamvis
469 3099 534 3144 non
554 3080 587 3145 id
613 3084 769 3154 studuerit
797 3085 907 3165 Plato,
938 3090 1027 3169 quod
1054 3111 1132 3176 ege.

182 3211 257 3265 runt
291 3195 403 3262 dein'de
441 3197 628 3264 Aristoteles
665 3215 697 3265 et
736 3202 957 3287 Peripatetici,
1002 3209 1130 3293 qrthue

181 3315 298 3386 exitis
324 3312 546 3398 profecerunt,
578 3317 693 3383 Cicero
728 3333 759 3382 et
791 3320 1033 3408 Quintilianus,
1067 3344 1127 3411 ut,

135 3501 137 3504 a
180 3433 269 3515 quod
300 3434 332 3497 in
358 3433 480 3498 artibus
505 3433 643 3498 cernitur
667 3437 833 3519 pulcrum,
866 3440 1050 3523 singulatim
1073 3466 1128 3523 gx,

182 3553 341 3634 ploraret,
367 3553 516 3635 justeque
544 3551 606 3616 hoc
627 3553 723 3619 modo
743 3555 782 3624 de
802 3558 896 3639 poesi
917 3573 949 3625 et
970 3563 1128 3646 eloquens

1057 3681 1128 3790 3³²³

217 3897 605 3972 (1)uep.1v.tat.c.v.
629 3907 692 3970 Bon
716 3908 774 3962 ll'ex
796 3907 1012 3978 palatius..
1079 3928 1086 3942 ⁰
1117 3865 1121 3873 Ι
