2618 4680
624 232 803 315 426*

198 432 204 443 ’
243 428 340 505 date,
372 425 573 506 composite,
594 426 729 507 leniter,
752 442 789 495 ut
812 430 955 512 solebat,
989 435 1046 498 sed
1064 438 1187 507 luite&

243 553 382 615 σιῶντα
402 560 554 625 prorsus,
584 542 702 627 quippe
722 545 885 629 abreptum
909 549 1001 630 plane
1027 567 1179 618 sensuum

242 659 459 741 sublimitate,
481 678 575 742 quam
597 676 706 728 natura
730 663 916 732 excitaverat
936 678 968 730 et
992 664 1093 732 alebat
1115 666 1180 732 rne'·

242 778 342 845 moria
365 777 516 844 Platonis.
560 776 669 845 Locos
690 778 785 860 illos,
808 781 852 845 mi
869 783 1049 865 Creuzere,
1070 798 1180 867 repeto

241 893 404 976 subinde,
432 893 488 958 ubi
506 894 604 959 amnis
624 893 712 960 adest
742 893 919 962 etiamnunc
938 911 970 963 et
989 898 1104 965 adsunt
1132 917 1181 963 ar-

242 1010 356 1078 bores:
391 999 519 1079 canunt
536 1011 626 1077 etiam
660 1011 799 1093 cicadae,
836 1032 915 1094 quae
943 1014 1181 1098 iucundissimis

241 1145 466 1212 saepenumero
496 1127 693 1195 sermonibus
725 1145 830 1194 ansam
862 1128 1092 1211 praebuerunt:
1128 1132 1182 1197 dc·

241 1245 347 1316 tidem
370 1263 447 1312 vero
472 1245 597 1326 virum,
620 1247 710 1330 cujus
733 1245 909 1329 praesentia
925 1261 957 1313 et
977 1266 1080 1313 sermo
1105 1249 1182 1314 haee

242 1363 348 1431 omnia
375 1363 452 1430 mihi
471 1364 576 1448 laeta,
606 1364 767 1449 iucunda,
799 1335 863 1428 imo
893 1376 999 1432 sancte
1029 1376 1061 1428 et
1088 1382 1184 1428 vene·¹

240 1484 336 1550 randa
369 1481 535 1550 faciebant.
590 1481 636 1554 Et
665 1495 768 1549 tamam
799 1494 938 1561 repetere
968 1481 1071 1562 placet
1089 1480 1182 1547 locos

239 1599 333 1665 illos:
365 1616 436 1695 nam
459 1612 507 1662 est
528 1597 674 1679 profecto
691 1644 703 1680 ,
723 1610 760 1663 ut
777 1594 829 1660 ille
848 1594 916 1676 ait,
938 1593 1061 1664 dolendi
1090 1597 1183 1664 etiam

242 1715 385 1802 voluptas
408 1712 571 1795 quaedam.
1175 1772 1182 1780 .

244 1874 246 1879 -
283 1831 370 1898 Cum
397 1827 589 1899 Ruhnkouio
618 1846 797 1914 comparare
825 1827 933 1897 studui
954 1826 1184 1894 desideratissi..

240 1963 327 2017 mum
362 1946 482 2014 virum:
518 1945 694 2030 potuissem
725 1966 799 2014 cum
833 1945 1067 2029 Valckenario,
1106 1965 1181 2016 cum

240 2066 395 2150 Heynio,
415 2082 489 2133 oum
512 2064 594 2133 aliis.
650 2065 732 2132 Nam
745 2063 821 2132 ¹feci
847 2082 913 2133 non
931 2065 1006 2132 -hoc
1034 2064 1182 2149 proposi·

238 2196 299 2265 to,
331 2198 369 2260 qt
390 2183 477 2250 viros
501 2182 574 2250 ilios
596 2181 686 2264 quasi
708 2182 937 2265 ponderarem,
959 2195 1116 2268 tamquam
1144 2184 1179 2254 in

193 2330 195 2334 ⁴
238 2303 327 2367 lanea
354 2299 492 2384 positos.
547 2298 694 2370 Aliorum
726 2299 802 2366 haec
835 2295 968 2365 facultas
999 2314 1073 2381 est,
1111 2316 1179 2368 non

239 2436 323 2497 mea,
363 2433 430 2484 non
458 2414 572 2497 amici,
605 2433 671 2485 non
696 2415 854 2499 discipuli.
911 2417 974 2483 Sed
1006 2415 1113 2502 prouti
1143 2416 1177 2486 in

239 2535 383 2610 familiari
413 2554 581 2625 sermone,
620 2534 792 2604 amicorum
823 2537 961 2602 solemus
1001 2535 1178 2607 varietatem

240 2656 427 2740 exquirere,
460 2655 494 2724 in
514 2654 582 2721 aliis
611 2654 669 2721 alia
698 2655 939 2723 animadvertere
971 2670 1002 2718 et
1029 2654 1180 2736 laudare,-

240 2773 309 2839 uliis
332 2774 411 2840 alios
435 2771 599 2841 conferre:
634 2771 680 2838 sic
712 2773 917 2855 apponendus
940 2770 1106 2836 videbatur
1129 2771 1180 2841 vit·

239 2904 372 2969 magnus
406 2904 464 2954 nec
501 2886 600 2967 impar
634 2887 907 2969 WyttenbtchiO,
950 2888 1013 2954 imo
1042 2887 1178 2968 similis5

240 3022 307 3087 quo
339 3003 433 3087 hujus
461 3016 623 3084 appareret
653 3003 827 3072 evidentius
853 3004 956 3071 virtus
986 3003 1111 3090 propria
1144 3018 1178 3074 ct

239 3121 333 3206 quasi
361 3120 476 3201 imago,
519 3120 564 3186 Et
593 3119 758 3203 respondit
783 3121 856 3189 huic
874 3123 1011 3204 virtuti,
1032 3120 1105 3188 huic
1129 3120 1178 3186 in-

239 3238 306 3311 doli
329 3252 360 3311 et
388 3235 514 3320 ingenio
546 3251 613 3303 tota
642 3237 703 3304 viri
731 3239 794 3305 vita
817 3254 848 3304 et
871 3240 1048 3307 studiorum
1082 3238 1177 3307 ratio:

240 3358 380 3426 Platonis
416 3355 585 3422 admiratus
613 3370 661 3423 est
693 3375 757 3421 non
790 3371 909 3424 tuntum
930 3358 1101 3428 orationem
1131 3357 1178 3425 di.

239 3475 367 3558 vinam,
390 3475 446 3540 sed
465 3473 564 3558 ipsam
595 3471 850 3556 philosophiam:
876 3494 1033 3556 quamque
1064 3475 1195 3540 Ruina·
1299 3452 1305 3458 ¹

238 3590 350 3656 lenius
382 3608 445 3659 tam
479 3593 633 3674 praeclare
664 3589 891 3674 significaverat
914 3592 1108 3676 intelligendi
1129 3590 1177 3654 ina

239 3710 492 3791 terpretandique
511 3708 650 3775 Platonis
673 3709 843 3790 rationem,
866 3711 945 3774 hanc
966 3709 1034 3791 ipse
1057 3710 1176 3792 ingres·

239 3840 295 3898 tus
326 3837 401 3896 est>
444 3824 519 3916 Qua
552 3827 585 3896 in
617 3817 650 3897 rc'
687 3825 825 3930 difficile*
840 3839 888 3896 est
912 3838 1078 3926 statuere,¹
1105 3839 1179 3896 utet

1111 3958 1175 4014 Uiri
