2618 4680
539 242 736 302 ..152-

177 401 341 467 rationem.
384 402 457 483 Ego
483 421 559 465 vero
579 400 703 480 fateor,
725 420 766 466 ex
785 421 893 466 eornm
919 402 1122 485 descriptio·

178 517 273 581 nibus
292 519 426 582 multum
444 537 495 582 me
515 518 688 600 profecisse
704 519 743 582 ad
759 518 915 582 Platonem
933 519 1124 602 intelligen-

178 635 265 700 dam.
308 635 392 699 Nam
419 635 575 700 illustrant
599 636 652 698 illa
679 631 829 714 mirifice,
859 654 940 714 quae
966 635 1126 720 philoso-

178 751 263 832 phus
284 751 505 833 pronunciavit
534 755 574 816 de
603 750 740 816 musicae
768 766 800 815 et
823 753 996 818 chororum
1015 768 1125 836 ortu,

180 886 240 932 nec
267 869 370 932 minos
395 871 500 933 valent
519 871 558 934 ad
584 868 697 951 placita
722 871 790 953 ejus
810 871 1015 953 explicanda,
1040 890 1128 954 quae

179 986 220 1048 ad
237 985 371 1066 tragicos
392 1002 425 1051 ct
439 987 580 1052 comicos
597 986 786 1052 referuntur.

225 1101 431 1184 Tragoediam
458 1103 486 1168 si
511 1103 720 1186 respicimus,
742 1103 845 1185 qualis
866 1116 970 1169 exstat
988 1104 1022 1169 in
1046 1123 1128 1188 gen·

181 1218 269 1289 tibus
296 1221 546 1300 recentioribus,
581 1226 644 1286 una
670 1219 825 1284 contineri
851 1221 946 1304 poesi
974 1219 1123 1286 videtur:
1157 1258 1160 1275 ·

182 1338 345 1404 comoedia
388 1342 492 1422 vero}⁸
503 1341 554 1403 vel
592 1338 663 1419 ipsa
702 1337 853 1404 destituta
889 1352 938 1401 est
980 1356 1124 1418 poeseos

183 1455 475 1523 commendatione:
516 1456 653 1539 pedestri
692 1454 757 1520 fere
792 1453 936 1518 oratione
963 1453 1126 1536 procedit.

186 1575 285 1656 Apud
318 1577 448 1639 Veteres
480 1594 556 1640 vero
593 1588 725 1656 utraque
754 1593 772 1636 a
806 1571 915 1637 choris
945 1586 1020 1637 nata
1053 1587 1131 1652 est:

185 1710 357 1770 eorumque
380 1706 533 1773 perpetuo
558 1706 588 1754 et
609 1691 736 1772 gratiam
761 1690 869 1754 retulit
891 1703 924 1753 ct
951 1689 1134 1756 sublimita-

186 1824 262 1874 tem.
324 1809 406 1873 Nam
434 1808 523 1872 chori
546 1808 682 1892 agebant
708 1806 770 1888 ipsi
797 1807 830 1871 in
861 1805 972 1872 Bacchi
1001 1807 1132 1888 sacris,

186 1944 224 1992 nt
244 1927 276 1993 in
297 1927 434 1994 Deliacis
462 1926 553 1992 sestis
581 1925 749 2005 solebant,
781 1939 813 1988 et
836 1923 948 2008 pariter
968 1942 1020 1987 res
1043 1925 1139 1994 Deo-

186 2066 257 2118 rum
287 2062 318 2112 et
339 2046 502 2112 hominum
519 2045 638 2128 agendo
656 2041 943 2125 repraesentabant:
969 2053 1001 2105 et
1021 2060 1137 2123 quam·

189 2163 262 2243 vis,
295 2178 423 2226 anctore
452 2163 637 2242 Aeschylo,
670 2161 849 2224 accederent
875 2158 1044 2224 identidem
1066 2158 1139 2224 his·

187 2274 308 2339 triones
332 2276 389 2360 (ἦ),
412 2294 477 2354 quo
503 2275 633 2338 ratioet
655 2273 754 2338 forma
775 2273 918 2340 dramatis
936 2273 997 2338 rite
1007 2274 1137 2340 demum

188 2388 361 2455 constituta
387 2404 458 2474 est,
489 2393 607 2456 chorus
635 2406 737 2456 tamen
767 2393 799 2456 in
825 2390 942 2458 fabulis
972 2391 1137 2474 principes-

190 2511 338 2589 quasdam
361 2523 465 2592 partes
487 2508 588 2573 tenuit
602 2558 613 2588 ,
626 2529 677 2575 eas
698 2524 802 2589 certe,
832 2523 868 2573 ut
888 2508 1027 2574 musitae
1049 2510 1082 2574 vi
1105 2526 1139 2577 et

189 2625 363 2691 saltationis
387 2627 485 2710 gratia
513 2628 695 2693 mirabiliter
722 2641 914 2709 spectatores
936 2642 968 2691 ct
991 2643 1142 2695 moveret·

189 2760 223 2810 ct
244 2745 426 2812 oblectaret.
470 2746 669 2813 Constabant
699 2745 795 2826 igitur
822 2745 957 2808 dramata
986 2743 1039 2810 illa
1067 2763 1138 2813 non

190 2864 294 2929 solum
316 2863 431 2944 poesi,
453 2865 508 2927 sed
530 2865 650 2926 musica
677 2863 771 2925 simul
793 2877 824 2926 et
855 2861 1045 2928 saltatione:
1072 2865 1141 2932 imo

192 2981 311 3042 musica
340 2978 534 3042 vocabantur
561 2982 761 3056 certamina,
794 2978 827 3041 in
860 2979 978 3057 quibus
1003 2999 1143 3047 concer-

192 3105 259 3157 tare
286 3112 390 3158 secam
415 3095 548 3159 invicem
578 3096 721 3161 solebant
751 3095 860 3177 tragici
889 3103 1000 3178 po'etae
1021 3113 1054 3163 et
1081 3120 1144 3166 co·

192 3207 279 3276 mici.
322 3209 405 3275 Nam
437 3209 655 3276 dominabatur
681 3213 773 3293 plane
795 3209 936 3289 inillis,
961 3212 1045 3276 unde
1073 3216 1148 3281 otl··

194 3328 295 3415 ginem
320 3329 495 3410 duxerant,
517 3327 659 3411 Marica:
695 3329 785 3409 ¹Tam
805 3330 866 3406 late
886 3330 969 3411 apud
992 3329 1145 3407 Graecos

193 3447 317 3533 patebat
334 3447 457 3512 divinae
480 3447 574 3530 hujus
592 3445 668 3510 artis
693 3447 742 3511 vis
770 3463 801 3520 et
821 3447 1004 3513 auctoritas.
1038 3446 1071 3490 (θ

241 3568 304 3631 Sed
320 3567 352 3632 in
371 3567 500 3646 choris,
525 3564 571 3632 uti
594 3565 847 3648 memoravinus,
871 3580 902 3630 et
921 3567 1021 3630 multo
1043 3565 1147 3649 etiam

819 3729 821 3733 Α
1072 3700 1146 3748 ma.

236 3785 276 3850 (tl
298 3787 412 3839 lerator.
425 3789 458 3840 de
470 3796 541 3855 poet.
554 3807 577 3840 e.
590 3789 617 3840 4.
695 3787 737 3857 (a)
757 3771 793 3839 V.
805 3776 1097 3855 nen'l·exp.152'sqq.
1113 3796 1145 3850 et

198 3872 297 3941 tctipt.⁸
310 3875 344 3926 ab
357 3894 387 3927 eo
400 3878 491 3930 citati:
510 3879 593 3942 ilem,
607 3871 989 3952 quaenosillionolavimnsp.
1004 3890 1067 3935 rto,
1132 3890 1136 3894 ’
1157 3890 1159 3894 ”
