2618 4680
582 196 757 272 ...76-

198 372 441 458 perditissimum.
495 372 661 441 Caeterum
688 374 727 439 de
758 372 894 455 pristino
922 370 1016 438 animi
1047 383 1135 435 statu

199 507 230 556 et
257 490 495 573 migrationibus
526 490 559 554 in
585 490 643 556 alia
675 490 822 573 deinceps
847 504 878 557 et
896 488 954 555 aha
973 505 1134 569 corpora,

197 610 281 676 haud
301 608 520 692 disquisivisse
542 606 668 672 videtur
697 607 858 673 subtilius.
901 607 1047 672 Alienum
1068 603 1137 668 hoc

197 744 262 794 erat
289 728 327 793 ab
358 725 472 807 insigni
492 724 543 789 illa
568 724 628 790 viri
654 725 687 791 in
709 725 961 808 philosophando
982 721 1139 803 simplici·

195 860 269 911 tate.
315 842 470 929 Quaerere
501 843 657 924 malebat,
690 844 768 925 quid
799 843 886 926 pium
918 855 1021 921 esset,
1050 825 1141 921 xquid

196 960 349 1041 impium,
373 958 448 1040 quid
475 963 641 1043 pulcrum,
664 961 741 1042 quid
753 970 876 1044 torpe,
900 960 975 1042 quid
991 962 1139 1044 justum,

196 1078 273 1160 quid
292 1076 443 1161 injustum
463 1077 517 1160 (¹),
540 1099 604 1162 quo
626 1078 741 1145 certius
771 1077 974 1161 semetipsum
999 1090 1030 1140 et
1053 1074 1139 1142 alios

195 1195 381 1260 emendaret.
426 1194 634 1276 Existimavi,
669 1194 814 1274 dicebat,
844 1201 1072 1281 Φιλοσοφοῦντκ
1093 1221 1140 1277 με

192 1319 252 1386 δεῖν
281 1318 332 1401 ζῇν
360 1317 411 1384 καὶ
433 1317 612 1399 ἐξετάζονται
632 1317 761 1396 ἐμαυτὸν
787 1315 837 1380 καὶ
859 1316 927 1386 τοὺς
948 1312 1077 1385 ἄλλους.
1102 1306 1138 1357 (⁸³

235 1431 306 1497 Alia
330 1429 391 1496 fuit
412 1430 606 1514 Pythagorae
628 1429 721 1497 ratio,
765 1427 887 1494 Primus
910 1428 962 1492 hic
985 1426 1139 1508 quidem,

144 1544 149 1553 ’
191 1563 318 1613 tutante
339 1548 603 1627 memoravimns,
636 1549 784 1634 sapientis
811 1544 941 1629 posuit,
961 1544 1142 1632 philosophi

191 1662 339 1731 assumsit
372 1680 508 1741 nomen,
538 1681 602 1744 quo
640 1662 867 1748 philosophum
901 1680 935 1725 se
968 1675 999 1725 et
1033 1659 1140 1727 Grae-

187 1758 264 1847 'cum
286 1775 432 1860 probavit
460 1774 577 1841 virum.
624 1775 686 1841 Sed
717 1774 854 1859 profecit
887 1776 969 1842 idern
998 1778 1137 1847 multum

187 1877 232 1969 'ex
258 1872 419 1995 orientali,
443 1892 574 1958 maxime
598 1893 852 1978 Aegyptiorum,
876 1892 1008 1960 ratione.
1053 1892 1138 1965 Non

190 2014 264 2096 ille',
286 2029 322 2079 ut
335 2013 504 2094 Socrates,
524 2011 557 2076 in
575 2011 684 2078 mediis
704 2011 886 2077 versabatur
902 2011 1027 2078 civibus
1040 2012 1137 2098 suls,

188 2107 345 2213 tarracinam
368 2149 449 2193 unus
477 2147 493 2190 e
517 2128 645 2208 multis,
669 2141 823 2207 tamquam
853 2128 1022 2192 destitutus
1055 2130 1136 2194 doc·

187 2220 299 2323 lriird',
315 2255 351 2306 ut
371 2242 410 2306 ab
432 2240 602 2321 omnibus,
624 2261 642 2306 a
668 2241 774 2323 pueris
804 2242 879 2307 adeo
901 2259 932 2308 et
952 2243 1135 2312 adolescen-

126 2363 128 2366 ’
184 2340 272 2425 tibus
296 2357 439 2423 disceret.
469 2356 693 2440 Distinguebat
713 2375 747 2421 se
764 2375 781 2422 a
799 2356 927 2427 caeteris
948 2378 1017 2422 cum
1032 2379 1134 2443 pecu,

182 2460 251 2551 liari
278 2474 405 2542 vivendi
428 2475 543 2556 modu,
573 2489 640 2539 tum
667 2475 810 2557 vestitu,
842 2494 908 2557 quo
934 2479 1132 2547 sacerdotem
1162 2555 1165 2559 ,

182 2576 337 2671 referebat
355 2592 571 2680 Aegyptium,
593 2606 660 2660 tum
681 2591 821 2659 doctrina
846 2593 976 2674 quadam
995 2612 1129 2675 arcana,

182 2713 249 2801 'qua
262 2713 370 2797 'magis
400 2714 490 2780 etiarn
515 2729 545 2779 et
571 2711 641 2777 aliis
660 2710 826 2776 videbatur
847 2714 996 2776 excellere
1016 2726 1047 2776 et
1064 2713 1131 2780 Ae·

180 2808 312 2920 gyptios
336 2830 514 2894 imitabatur
535 2828 702 2909 sapientes.
725 2828 757 2871 (³)
786 2828 943 2893 Praeterea
971 2847 1036 2894 non
1059 2849 1131 2897 om-

182 2941 277 3008 nibus
296 2941 435 3022 pariter,
458 2956 493 3006 ut
513 2940 680 3018 Socrates,
704 2940 855 3022 prodesse
880 2947 1035 3010 monendo
1057 2938 1129 3012 stuss

179 3032 313 3149 debat,
327 3069 363 3120 ut
383 3076 474 3120 suurn
498 3053 633 3136 quisque
656 3057 792 3137 expleret
814 3056 972 3142 officium,
995 3064 1127 3146 prodes-

180 3157 292 3260 ¹s'etque
325 3173 468 3254 civitati3
510 3173 565 3236 sed
593 3175 727 3239 selectos
758 3175 894 3242 habebat
928 3180 1124 3265 discipulos,

178 3307 262 3401 ¹'quos
290 3293 420 3367 maxime
450 3292 624 3373 excoleret,
660 3292 777 3383 quique
811 3297 899 3361 cultu
929 3313 1124 3381 praestantes
1208 3364 1211 3375 ,

1054 3436 1126 3485 cae·

180 3608 260 3674 ..(ι)
281 3574 453 3659 nemmem.
474 3606 497 3658 1.
518 3625 542 3660 1·
561 3586 578 3679 i
598 3608 639 3661 ro.
692 3588 742 3681 (ι)
763 3610 845 3679 Aper.
865 3612 949 3667 soar..
963 3612 996 3665 28
1012 3595 1046 3661 ‘n

175 3693 272 3760 ο,(5),,
287 3694 377 3766 Locos
407 3694 457 3772 hac
479 3696 528 3766 ,de
551 3714 580 3750 re
607 3695 739 3752 veterum
770 3701 866 3754 citavit
891 3706 919 3749 et
951 3697 1122 3771 ¹diiudicarit

177 3779 307 3845 lleiners.
326 3774 426 3835 Ges‘cha
446 3786 494 3837 der
511 3785 599 3841 Wias‘·
619 3771 684 3843 Vol,
704 3786 727 3846 Ι.
746 3796 773 3857 p.
793 3787 842 3843 405.
854 3803 921 3862 ‚ffl-
976 3861 979 3868 1

1088 3849 1114 3886 d
