2618 4680
591 353 638 379 ν·
660 341 719 406 1³7
740 325 789 378 κ’

175 507 185 530 ·
224 503 341 575 inducit
366 523 436 569 cum
467 506 585 572 Crusso
618 505 749 590 allisque
782 506 816 569 in
848 506 941 591 hujus
963 500 1154 588 ,Tusculano

222 620 460 702 ambulantem,
505 638 535 691 et
565 612 690 692 duobus
721 622 832 706 spatiis
867 621 1009 689 tribusve
1041 623 1155 703 factis,

221 737 297 801 hoec
312 741 512 820 usurpantem
531 734 585 804 (Ἣ
612 786 638 819 ,,
662 758 719 803 cur
738 759 803 804 non
823 740 999 821 imitamur,
1022 741 1161 818 Cr·usse‚·

225 853 384 924 Socratem
411 855 519 936 inum,
543 857 599 937 qui
625 872 671 921 est
691 857 722 919 ln
741 860 878 924 Phaedro
899 859 1064 925 Plrtonis?
1085 864 1162 922 nam'

222 990 273 1035 mc
295 973 370 1036 hacc
389 987 442 1037 tua
465 975 608 1056 platanus
635 974 820 1056 admonuit,
850 996 929 1059 quae
958 992 1025 1042 non
1051 973 1160 1039 minus

222 1090 262 1157 ud
290 1090 480 1172 opacandum
510 1092 593 1157 hunc
621 1092 726 1157 locum
748 1093 866 1175 patulis
896 1107 943 1158 est
968 1091 1081 1157 diffusa
1110 1111 1162 1155 ru·

222 1207 308 1288 mis,
332 1209 631 1293 quami11a‚quus
658 1209 797 1276 umbram
819 1224 947 1275 secutus
975 1223 1022 1274 est
1045 1208 1157 1273 Socra·

223 1337 295 1402 tes,
339 1344 418 1404 quae
467 1325 543 1391 mihi
585 1327 708 1396 videtur
746 1347 811 1392 non
844 1343 906 1393 tam
935 1326 1003 1408 ipsu
1025 1327 1155 1407 ¹aquia,

222 1460 303 1522 quac
325 1441 533 1523 describitur,
558 1463 649 1524 quam
675 1446 815 1512 Platonis
839 1446 980 1510 oratione
1000 1443 1164 1510 crevisse:-

221 1571 253 1621 et
273 1559 360 1645 quod
388 1557 440 1628 illc
465 1558 640 1624 durissimis
667 1563 800 1643 pedibus
832 1564 925 1642 fecit,
960 1577 995 1628 ut
1025 1582 1058 1629 sc
1081 1560 1159 1657 abji-

220 1689 304 1748 cerer
327 1675 359 1739 in
375 1674 501 1741 herbam
525 1691 619 1759 atquc
643 1678 685 1743 ito
705 1679 780 1762 illa,
805 1701 884 1761 quac
905 1678 1088 1764 philosophi
1110 1677 1163 1743 di·'

220 1792 339 1858 vinitus
360 1791 466 1860 ferunt
495 1815 564 1867 csse
587 1796 695 1879 dicta,
718 1799 919 1880 loqueretur,
941 1797 974 1864 ld
1000 1799 1077 1864 meis
1103 1792 1163 1879 pol

220 1909 315 1976 dibus
345 1929 430 1985 corte
466 1914 595 1980 concedi
627 1929 674 1977 est
707 1916 850 1995 aequius.
870 1916 892 1943 ”
939 1917 1011 1996 Ipse
1039 1915 1154 1980 Cicero

219 2029 375 2093 rusticans
395 2048 466 2092 cum
484 2027 581 2094 fratrc
603 2030 687 2112 apud
709 2033 860 2097 Crassum
878 2032 911 2095 in
940 2032 1049 2094 eodem
1071 2029 1159 2096 Tus·

220 2147 354 2225 culmo,
391 2159 427 2210 ut
444 2136 645 2216 ¹ambulando
681 2147 868 2214 devenerunt
899 2149 932 2213 in
963 2147 1095 2213 insulam
1127 2134 1163 2210 ct¹

220 2264 411 2345 Fibrenum‚
434 2263 517 2343 hunc
546 2283 666 2337 amnem
694 2267 789 2333 Ilisso
818 2281 1000 2349 comparat:
1038 2315 1066 2349 ‚‚
1087 2268 1159 2331 nul-

220 2384 285 2447 lum
312 2385 393 2463 hoc,
416 2380 543 2461 inquit,
576 2379 722 2464 frigidius
747 2383 864 2453 flumen
888 2384 1000 2465 attigi,
1022 2403 1094 2448 cum
1119 2382 1158 2446 ad

222 2500 320 2567 multa
343 2495 548 2573 accesserim,
580 2509 616 2558 ut
637 2496 691 2560 vix
713 2498 792 2578 pede
818 2512 935 2562 tentare
954 2496 987 2560 id
1014 2496 1154 2579 possim:

224 2610 312 2699 quod
338 2611 370 2673 in
390 2583 531 2681 Phaedro
550 2609 690 2675 Platonis
721 2610 797 2676 facit
825 2613 1007 2678 Socrates.”
1030 2612 1062 2657 <¹³
1105 2600 1162 2677 Sic'

225 2726 355 2799 omnino
378 2740 500 2808 ceperat
521 2725 705 2791 Ciceronem
730 2726 974 2793 venustissimus
991 2727 1133 2807 dialogus
1145 2722 1164 2806 ,³

224 2857 259 2908 ut
285 2842 442 2908 Phaedrus
475 2841 527 2906 illc
558 2857 588 2906 et
620 2843 718 2908 amnis
746 2857 778 2909 et
809 2846 1010 2926 platanuset
1040 2861 1165 2910 caetera-

223 2953 327 3033 omnia
351 2961 385 3025 in
406 2946 514 3026 sancto
540 2961 595 3027 illo
619 2963 691 3026 loco
710 2981 832 3044 semper
853 2961 955 3044 ipsius
978 2961 1081 3026 animo
1109 2980 1158 3025 es-

222 3094 293 3149 sent
322 3078 508 3161 praesentia.
579 3079 641 3146 Sod
673 3098 751 3161 quae
795 3077 948 3145 diuinitus
979 3077 1076 3158 illic,
1121 3093 1158 3143 ut

222 3196 302 3263 idcrn
324 3197 389 3275 ait,
411 3197 550 3262 Socratis
562 3180 679 3281 ferunt
706 3215 766 3263 csse
789 3195 895 3277 dicta,
926 3199 1000 3267 haec
1024 3215 1099 3260 vcro
1125 3182 1160 3259 iu

222 3311 454 3376 admirationem
482 3326 654 3397 rapuerunt
682 3329 841 3397 posteros.
894 3312 1022 3380 Scilicet
1058 3309 1157 3392 scrip-

223 3428 266 3493 sit
291 3427 374 3492 hunc
402 3429 558 3512 dialogum
580 3431 688 3511 Plato,
711 3448 777 3496 non
801 3443 837 3497 ut
860 3426 1062 3509 symposium
1085 3436 1159 3508 pro«¹

222 3545 362 3639 vectiorc
380 3560 499 3643 aetate,
531 3547 588 3612 sed
614 3546 686 3639 ipso
713 3535 889 3630 juv'eututis
916 3542 1053 3632 vigorc.'
1082 3545 1155 3643 Quo
1211 3577 1214 3588 ·

1093 3663 1159 3728 liu«

261 3801 365 3868 (1)De
383 3799 461 3853 Orat.
482 3800 505 3850 l.
524 3818 548 3867 7.
604 3799 645 3869 (α)
666 3798 756 3866 chg.'
769 3797 808 3850 11.
827 3817 851 3854 c.
865 3799 895 3867 Ι5.
915 3799 981 3862 udde
999 3799 1056 3853 cie.
1076 3796 1154 3858 Occu

224 3887 814 3960 coturnum.1.·57.'rm.1.25.
872 3893 904 3902 '¹
953 3894 959 3905 ‘
1087 3896 1092 3907 ¹
1153 3880 1159 3903 ²

683 3982 734 4070 rs
