2618 4680
561 239 737 306 rur-99·-

182 405 265 492 ipsis
298 405 402 475 Musis
445 404 628 487 Gratiisque
665 400 816 488 profecta.
878 408 958 473 Nam
998 388 1112 478 de'iis

175 525 349 606 -quaerebat
386 521 637 602 studiosissime,
683 541 762 603 quae
793 524 921 588 maxime
953 543 1056 593 essent
1093 550 1110 594 a

182 642 286 724 poetis
304 641 473 707 celebrata:
499 642 536 704 de
560 660 665 704 amore
684 641 716 705 in
738 638 848 722 primis
869 657 899 706 et
923 643 1015 709 rebus
1034 666 1115 710 ama-

171 760 294 825 toriis:
325 774 509 841 argumento
540 776 612 824 sane
639 758 799 823 Socratico
834 773 864 821 et
900 758 1115 842 philosopho,

179 878 236 942 sed
255 877 293 942 ab
311 876 420 943 umbra
440 878 637 957 scholarum,
655 876 682 940 si
702 876 900 956 quodaliud‚
912 876 1116 945 alienissimo.

527 1113 587 1178 De
617 1111 790 1177 Amore.

200 1344 388 1411 ‘Sententia
424 1344 564 1413 Platonis
604 1345 643 1408 de
682 1364 786 1409 arnore
827 1343 873 1408 sic
912 1343 999 1411 omni
1043 1357 1120 1408 rem·

186 1478 265 1543 pore
305 1461 458 1527 celebrata
496 1476 564 1542 est,
607 1476 642 1524 ut
661 1542 663 1547 ³
683 1462 748 1524 vim
790 1474 880 1525 nacta
921 1460 961 1524 sit
995 1479 1124 1540 prover·

189 1578 237 1643 bii
273 1591 304 1642 et
348 1598 438 1645 nemo
480 1597 544 1643 non
588 1581 734 1658 loquatur
767 1579 804 1642 de
840 1598 944 1643 amore
976 1578 1121 1643 Platoni·

187 1721 235 1764 ce.
289 1697 351 1761 Sed
393 1697 548 1774 eamdem,
595 1709 629 1758 ut
674 1694 734 1774 fit,
788 1714 846 1775 pro
882 1713 942 1760 suo
985 1694 1120 1776 quisque

187 1828 283 1878 sensu
307 1828 338 1877 et
364 1812 484 1896 judicio
515 1830 586 1875 cum
620 1811 739 1893 accepit
764 1812 873 1891 aliter,
908 1826 976 1878 turn
1002 1813 1123 1896 judica·

184 1930 244 1996 vit.
288 1930 487 2011 Acceperunt
516 1929 602 1991 hunc
623 1947 757 1991 amorem
795 1942 930 2007 poetae,
959 1928 992 1990 in
1012 1928 1121 2008 primis

185 2046 279 2125 Itali,
311 2047 349 2108 de
375 2043 454 2108 mira.
480 2039 731 2107 unanimorum
762 2042 1010 2124 conjunctione,
1042 2060 1120 2121 quae

178 2176 306 2227 amatae
325 2159 485 2226 intercedit
503 2179 576 2224 cum
599 2175 757 2240 amatore,
780 2175 810 2223 et
832 2159 1002 2238 utrumque
1022 2157 1054 2222 in
1077 2178 1125 2223 rer.

181 2275 299 2361 ‘giones
347 2279 506 2341 coelestes*
537 2276 680 2342 extollit:
734 2296 769 2341 ae
812 2276 1014 2359 profecerunt
1051 2276 1124 2343 inde

189 2395 308 2461 Dentes
338 2395 496 2476 Aligerius
514 2396 552 2457 ad
575 2394 771 2472 Beatricem,
791 2396 956 2458 Petrarcha
982 2395 1021 2458 ad
1042 2395 1126 2459 Lau-
1180 2473 1182 2477 Ι

190 2502 278 2588 ram,
309 2509 361 2572 alii
392 2511 430 2572 ad
457 2509 531 2570 alias
558 2508 753 2572 celebrandas
772 2508 871 2573 divini
897 2508 1035 2589 pectoris
1059 2507 1127 2574 foe·

193 2625 306 2689 minas.
350 2621 539 2702 Philosophi
567 2640 666 2699 veru,
697 2620 725 2684 si
755 2621 792 2683 ab
824 2623 908 2685 Italis
946 2624 1125 2703 discesseris

195 2740 252 2820 qui
278 2737 435 2804 faciliores
456 2735 521 2801 fere
543 2735 695 2818 fuerunt,
718 2750 753 2801 ut
773 2736 917 2802 nonnulli
941 2735 1031 2802 etiam
1053 2739 1130 2819 alii,

194 2850 380 2941 philosophi
419 2855 516 2940 igitur
542 2854 685 2938 plerique
721 2869 785 2922 rem
822 2854 999 2932 habuerunt
1027 2857 1129 2939 poeti·

192 2995 261 3041 cam
295 2995 429 3041 amorem
458 2975 554 3040 istum
585 2975 802 3058 Platonicum,
845 2976 901 3040 sed
926 2975 1130 3059 philosophis

194 3093 378 3176 indignum:
422 3113 492 3158 esse
527 3083 608 3158 enim
649 3096 759 3174 'aptum
800 3092 883 3159 forre
918 3095 970 3160 alii
1006 3096 1128 3160 cuidam
1203 3144 1206 3148 ,

180 3209 339 3287 -mundo,
362 3229 455 3290 quem
482 3194 681 3291 ignoramus,
704 3211 760 3274 sed
781 3212 876 3291 huic,
903 3213 935 3276 in
961 3232 1026 3291 quo
1053 3212 1134 3274 vivi-

177 3326 270 3391 ·'mus
300 3339 330 3389 et
357 3323 501 3405 agimus,
523 3327 606 3391 haud
632 3344 887 3391 consentaneum.
932 3327 1028 3408 Quod
1050 3322 1134 3405 judi-

178 3441 283 3508 ¹cium
326 3451 448 3519 praeter
473 3441 707 3523 philosophos,
736 3443 787 3506 alii
810 3443 901 3506 etiam
932 3439 1138 3522 pronunciare

179 3559 331 3635 solent,
371 3551 426 3636 qui
456 3570 511 3616 nec
545 3556 690 3623 dicuntur
719 3557 931 3639 philosophi,
962 3575 1019 3618 nec
1052 3572 1138 3625 sunt.

180 3674 265 3738 ¹¹Sed
297 3670 487 3738 exstiterunt
519 3668 615 3749 item,
648 3673 702 3753 qui
731 3692 795 3736 rem
828 3671 909 3736 serio
943 3671 1139 3757 judicarent,

182 3797 326 3873 ‘turpem
350 3809 415 3858 eam
446 3802 609 3855 censerent
636 3804 666 3852 er
694 3789 836 3856 moribus
867 3787 1014 3874 noxiam,
1036 3792 1140 3859 Plato-

248 3902 251 3906 ’
622 3903 698 3972 Ge
1065 3928 1135 3974 near
