2618 4680
590 284 782 345 -181—
877 287 878 290 ’

199 544 201 548 ι
222 461 303 547 Quis
323 461 448 542 nescit,
470 459 619 523 disertum
636 460 762 524 evadere
780 471 810 523 et
830 462 963 542 clatum,
993 461 1047 540 qui
1065 479 1152 550 atnof

220 602 285 646 rem
314 582 404 655 habet
425 594 676 662 praeceptorem,
699 579 754 658 qui
780 599 856 644 vero
884 581 950 662 ejus
973 580 1057 643 haud
1079 599 1148 662 par-

220 697 318 778 ticeps
341 710 411 774 est,
443 695 475 758 in
496 694 632 758 obscuro
667 695 786 759 latere?
822 695 893 758 Hoc
924 695 1002 758 duca
1031 696 1082 760 Dii
1103 696 1149 758 ln-

219 827 370 876 venerunt
399 825 504 890 artes,
534 810 682 876 musicam
712 811 830 889 Apollo
849 827 879 875 et
908 811 1046 891 Musae,
1068 826 1151 874 acra·

217 927 293 990 riam
330 925 515 1005 Vulcanus,
537 923 699 989 terrorism
730 925 887 991 Minerva.
925 926 1049 993 poetice
1075 927 1149 991 haec

219 1041 366 1124 Agathor
391 1041 446 1105 sed
477 1040 567 1104 dictis
590 1040 730 1123 addidit,
762 1041 931 1125 cupiditate
955 1040 1150 1123 hoefaetum

220 1176 289 1220 esse
317 1172 347 1220 et
373 1175 475 1220 amore
502 1155 805 1241 pontu-emuntur
838 1162 888 1227 rati
909 1163 1011 1241 ἔρωτος
1037 1165 1148 1240 ›iaspo-

218 1277 373 1357 νεύσαντος
404 1297 453 1321 ··
473 1270 585 1354 ‘i'pucoc
616 1270 811 1355 ἐγγενομένού
838 1266 979 1366 κάλλους.
1005 1267 1035 1315 (¹)
1067 1272 1149 1336 Nam

219 1389 292 1452 haec
321 1402 368 1452 est
399 1387 431 1451 in
454 1370 579 1451 homine
609 1389 659 1452 vis
692 1389 831 1468 amoris,
872 1404 1015 1469 utquae
1041 1388 1152 1453 insitae

220 1519 294 1567 sunt
314 1504 342 1567 ei
360 1502 544 1582 facultates,
567 1504 739 1570 excitentur
758 1523 866 1569 ornnes
889 1520 919 1568 et
937 1505 1153 1586 explicentur,

124 1688 131 1701 ‚
220 1618 356 1700 proferat
378 1621 446 1702 ipse
477 1636 507 1686 et
531 1621 620 1702 quasi
641 1621 763 1703 pariat,
788 1641 1000 1703 quaecumque
1029 1642 1046 1686 a
1067 1629 1169 1686 tenea

220 1737 263 1799 ris
301 1736 426 1817 ingenio
457 1737 622 1817 animoque
651 1737 851 1819 conceperit,
871 1719 1019 1825 ‘edatque
1047 1738 1089 1802 ita
1117 1737 1153 1805 in,
1221 1748 1231 1778 “·

218 1855 318 1917 lucent
339 1853 463 1923 inventa
491 1853 758 1935 praeclarissima,
781 1868 812 1916 et
832 1853 893 1933 ipsi
920 1852 1091 1917 honorifica
1119 1865 1150 1915 et

218 1971 353 2034 humano
386 1969 491 2049 generi
522 1967 732 2032 saluberrima.
788 1966 851 2045 Sed
886 1965 1056 2047 explicabit
1089 1967 1149 2034 hoc

219 2084 312 2148 nobis
342 2083 486 2177 disertius
512 2083 580 2165 ipsa
598 2083 750 2149 Diotinra.

263 2200 348 2264 Haec
376 2199 496 2282 igitur,
532 2186 674 2281 inquit,⁸
692 2200 805 2264 amoris
834 2214 881 2264 cst
907 2215 1026 2266 natura.
1081 2201 1150 2268 Nee

219 2321 327 2401 pulcer
346 2335 393 2382 est
422 2335 478 2380 nec
505 2317 631 2394 bonus,
655 2331 689 2379 ut
717 2323 829 2398 po‘e'tae
851 2310 989 2396 canunt,
1024 2319 1078 2382 sed
1097 2339 1151 2402 ap·

169 2496 178 2510 ‚
219 2433 299 2516 petit
326 2408 496 2510 utrumque
526 2447 556 2493 et
582 2431 779 2511 assequitur:
804 2431 922 2510 appetit
943 2433 1037 2496 simul
1053 2432 1153 2521 felici-⁴

177 2578 183 2585 ·
219 2561 335 2627 tatem,
359 2565 436 2627 quae
461 2545 509 2610 his
530 2561 745 2627 comparatur:
769 2547 832 2610 iuro
858 2546 932 2623 haec
964 2548 1025 2613 sibi
1048 2551 1154 2613 studet

220 2663 255 2728 in
286 2677 470 2746 perpetuum
501 2682 689 2744 comparare.
734 2664 795 2728 Sed
836 2666 911 2728 haec
940 2665 1084 2729 universe
1111 2667 1153 2743 de

222 2768 326 2845 amore
370 2778 452 2843 dicta
499 2795 607 2844 sunto.
665 2774 823 2866 Quaenam
854 2801 929 2846 vero
966 2799 1073 2847 eorum
1104 2797 1152 2846 est
1186 2815 1188 2820 Α
1230 2789 1237 2796 ’

220 2896 385 2977 conditio,
410 2896 487 2977 quid
513 2911 633 2979 agunt,
658 2917 721 2976 quo
752 2887 969 2979 contendunt,
1001 2897 1055 2979 qui
1080 2908 1155 2980 pro*

220 3015 286 3096 prie
310 3014 457 3080 dicuntur
484 3013 612 3080 atnare?
636 3014 698 3081 ch
725 3015 896 3096 Socrates„
912 3017 995 3080 haud
1020 3031 1154 3098 agore,

221 3129 384 3209 Diutius,
408 3129 533 3209 inquit,
563 3143 692 3212 propter
715 3131 894 3213 sapientiam
914 3147 998 3198 tuam
1026 3131 1155 3198 admira·

223 3259 274 3308 tus
302 3265 418 3324 essent,
440 3264 497 3313 nec
518 3246 656 3312 discendi
671 3265 788 3329 'causta
816 3250 854 3312 a'd
871 3262 904 3310 to
927 3246 1154 3327 ventitassent,

221 3360 250 3424 si
277 3362 337 3424 hoc
352 3374 515 3426 tenerem.
536 3398 582 3413 -
603 3363 664 3426 Sed
692 3379 749 3444 ego
777 3362 856 3440 ribi,
880 3362 1008 3440 inquit,
1031 3361 1156 3432 dicante

223 3482 266 3548 ἔςι
299 3465 358 3560 Ιγὰρ
391 3485 476 3556 aeica
494 3481 577 3552 τόκος
601 3484 630 3545 ἐν
660 3485 743 3561 καλῷ
767 3482 817 3546 aa>
836 3484 917 3546 nard
939 3483 972 3546 τὸ
995 3488 1081 3560 σῶμα
1100 3483 1151 3546 acal
1237 3503 1240 3512 ’

186 3634 189 3639 -
223 3601 304 3665 aare
342 3599 396 3671 aaa
436 3598 549 3678 ψυχὴν.
594 3593 655 3668 Est
690 3597 744 3663 hoc
780 3608 896 3686 partus
932 3597 966 3663 ita
992 3595 1106 3680 pulcra
1127 3609 1157 3658 et

1065 3728 1085 3764 ι’
1111 3730 1155 3780 56·

240 3844 301 3920 ·(¹.)
322 3842 413 3914 Symp.
435 3863 492 3916 197.
513 3802 546 3896 A

648 3948 726 4032 Ma
