2618 4680
552 243 748 306 -147-
837 295 840 303 .

191 429 256 494 que
280 409 438 493 reddunt,
473 405 529 488 qui
550 403 584 470 in
606 403 811 489 philosophia
832 408 969 493 vivunt,
998 426 1119 480 eorum.

189 545 254 608 que
280 524 412 590 maxime
439 523 588 588 musicam
609 521 777 589 celebrant.

153 702 159 715 ,
231 640 339 709 Homo
366 639 486 723 igitur,
514 639 553 704 de
581 639 720 705 Platonis
739 639 919 725 sententia,
950 641 1042 714 intus
1072 664 1120 714 est
1219 713 1221 718 .

186 759 231 826 ad
254 758 431 825 musicamt
444 760 555 822 natum
578 756 696 839 quippe
718 758 1034 845 pmeditus‘nhythtni
1054 765 1124 830 hat·

189 875 375 960 moniaeque
405 893 504 941 sensu
536 889 566 940 et
601 875 721 941 studio.
751 877 844 942 ,Neo
871 895 948 944 vero
983 875 1127 966 musica,

191 976 293 1074 quam
310 1007 479 1072 memorat,
501 991 591 1056 exilis
611 1009 660 1056 est
685 991 746 1058 isto
763 991 794 1059 et
810 995 910 1077 levis,
934 1016 1012 1080 quae
1034 1019 1125 1068 eures

189 1099 296 1178 solum
322 1109 511 1176 modulando
535 1113 751 1192 sonorumque
776 1109 923 1178 uarietate
946 1114 1123 1200 demulcet;

190 1230 270 1309 sed,
293 1242 329 1294 ut
355 1227 451 1293 modo
468 1245 527 1292 nos
547 1227 655 1293 docuit
677 1202 882 1295 Atheniensis
907 1232 1050 1314 hospes,
1074 1233 1127 1299 illa

191 1360 263 1429 est,
296 1365 375 1428 quoe
403 1345 592 1426 inchoris,
623 1346 656 1411 in
685 1345 814 1428 tragicis
844 1348 1066 1414 certaminibus
1097 1364 1129 1416 ct

190 1461 323 1530 conticis
344 1461 456 1546 uiget:
480 1481 560 1543 quae
586 1460 692 1525 decori
718 1463 856 1528 studium
886 1461 1049 1529 menimis
1068 1462 1129 1529 llo·

190 1580 312 1647 minum
334 1579 428 1644 uhice
450 1576 586 1659 excitet,
600 1595 723 1659 eosque
746 1580 785 1644 ad
809 1579 982 1664 εὐρυθμίαν,
1004 1587 1130 1666 coopm-

190 1703 261 1774 εἰσιν
273 1696 710 1784 ‚coexupoomuacomponitt
724 1693 753 1739 (θ
776 1715 855 1778 quae
871 1698 910 1762 ad
925 1697 1131 1764 excolendum

190 1815 351 1884 hominem
369 1814 433 1879 vim
451 1812 546 1879 habet
563 1811 725 1879 maximam
740 1815 801 1895 ,od
818 1812 965 1879 sublimia
984 1831 1045 1880 nos
1061 1812 1129 1881 oni-

178 1933 263 2011 -mia,
287 1932 328 1996 ad
348 1932 516 1999 Musaium
546 1929 781 2011 antiquissimas
803 1931 971 2011 Calliopen
991 1947 1023 1995 et
1045 1933 1125 1998 Um·

190 2048 296 2129 num,
318 2048 341 2112 i.
355 2067 386 2114 e.
406 2049 445 2112 ad
466 2044 603 2110 divinam
625 2044 858 2128 philosophiam
882 2046 1041 2110 hominem
1058 2045 1133 2112 atia-

192 2164 254 2231 hit.
300 2164 362 2230 Sed
384 2178 434 2229 tot
453 2177 528 2229 sunt
553 2150 630 2229 haec
659 2178 691 2229 et
713 2177 798 2229 tanta
818 2163 953 2230 musices
982 2168 1129 2259 munera,

194 2297 232 2350 ut
248 2281 391 2349 uideatur
405 2282 444 2348 de'
465 2280 505 2346 iis
528 2279 709 2362 singulatim
728 2279 894 2363 agendum.
1106 2282 1108 2288 '

227 2401 363 2472 nntium
390 2401 540 2464 ducamus
561 2397 674 2462 iterum
702 2396 740 2460 ab
760 2397 830 2478 ipsi
854 2396 1132 2466 hominisnat'nrss.
1171 2373 1175 2378 .

143 2524 147 2530 '
195 2515 298 2595 Dico,
330 2515 374 2578 ait
390 2513 471 2575 idem
489 2510 542 2574 ille
558 2514 643 2591 apud
658 2511 821 2575 Platonem
833 2512 1038 2578 Atheniensis
1059 2513 1134 2580 hos·

198 2647 277 2714 pes,
315 2626 477 2708 gelmunue
511 2624 665 2706 principia
704 2625 913 2692 institutionis
943 2629 1133 2711 cnpiumilc:

194 2747 267 2813 dico
288 2743 458 2827 equidem,
481 2741 615 2826 primum
638 2761 890 2825 essepuerorum
907 2758 1057 2825 sensum,
1079 2764 1137 2812 uo·

184 2851 349 2946 -iuptatem
374 2877 405 2926 et
423 2862 587 2941 dolorem,
618 2873 676 2926 nec
697 2861 792 2926 alium
810 2860 992 2944 principio,
1013 2875 1137 2944 praeter
1196 2851 1197 2854 '

199 2979 343 3061 hancce,
369 2979 524 3048 uirtutum
551 2999 620 3045 esse
651 2999 686 3046 ac
711 2977 860 3045 vitiorum
877 2977 1010 3044 fontem.
1053 2981 1137 3046 Nam

198 3098 382 3181 sapientiam
410 3072 537 3181 assequi
563 3112 594 3163 et
622 3097 741 3164 ratione
762 3097 946 3163 confirmare
962 3117 1050 3163 veras
1068 3098 1140 3182 opi·

197 3212 332 3296 aiones,
353 3212 465 3282 heatus
486 3215 562 3296 ille,
584 3215 636 3281 cui
668 3215 701 3281 id
720 3215 753 3280 in
774 3229 937 3282 senectute
957 3215 1138 3296 contigerit.

160 3338 166 3350 '
204 3328 339 3397 &meum
359 3330 456 3414 igitur
474 3334 559 3400 hunc
580 3331 623 3398 ita
639 3331 673 3396 in
694 3334 794 3415 puero
817 3334 981 3411 excolere,
1007 3347 1043 3394 ut
1066 3331 1141 3395 ode·

201 3447 245 3513 rit
275 3445 453 3527 continuo,
485 3469 566 3530 quae
592 3447 761 3532 fugienda,
796 3465 877 3514 amet
896 3464 971 3512 veto
992 3448 1024 3511 ei
1045 3451 1140 3530 a'ppe·

184 3579 271 3650 ..tnt,
292 3568 372 3648 quae
387 3563 560 3651 appetenda
580 3555 679 3648 sunt',
701 3568 762 3632 hoc
785 3566 873 3632 uerae
897 3579 946 3630 cst
967 3562 1143 3630 institutio·

1093 3679 1151 3746 nis‘

244 3826 284 3895 (ι)
303 3825 371 3894 hep.
391 3819 448 3878 111.
466 3823 516 3878 401
539 3821 574 3876 l.
686 3867 689 3871 .
819 3863 822 3871 .

655 3919 725 3988 Kc
