2618 4680
574 345 771 422 -165--

200 519 287 599 nium
320 522 551 612 pulcerrimum.
591 524 685 607 ‘orio
714 527 752 594 aba
783 531 941 610 ονμτίττμ
972 535 1002 598 ἐν
1035 562 1069 604 τε
1098 546 1136 618 τῇ

110 720 115 728 ,
198 645 389 729 ψνχῇααλοὶ
413 641 681 720 destituamini
706 644 736 708 ἐν
764 645 804 724 τῷ
831 639 901 710 εἶδεν
932 646 1135 724 ὁμολογοῦντα

198 765 314 835 ἕαεῖνονς
345 761 395 829 καὶ
426 764 664 843 συμφωνοῦντα,
699 764 751 828 τοῦ
777 763 869 826 αὐτοῦ
889 762 1063 844 μετέχοντα
1080 766 1134 830 τύ·

197 904 272 953 τον,
294 882 376 946 τοῦτ’
394 877 431 945 ἂν
455 877 504 952 εἴν,
528 877 671 944 carneo
695 876 793 956 θέαμα
812 878 853 956 τῷ
877 878 1030 961 δυναμένῳ,
1044 881 1132 950 θεοῖο-
1204 923 1206 927 -

167 994 256 1082 Ιθνα.
281 988 312 1033 ‘¹³
364 990 473 1072 Itaque
505 991 650 1056 Socrates
686 1005 758 1053 cum
787 959 937 1056 ¹Phaedro
969 989 1130 1058 discedens

192 1112 314 1175 tandem
345 1110 382 1175 ab
403 1108 458 1174 illo
487 1108 714 1192 Nympharum·
730 1107 950 1188 receptaculo,
981 1107 1027 1171 sic
1044 1111 1131 1191 Deos

193 1243 360 1310 precatur:
390 1229 411 1298 ὧ
436 1232 511 1315 φίλε
533 1229 600 1295 Πάν
625 1228 735 1295 τεκαὶ
763 1226 853 1293 ἄλλον
879 1225 938 1294 ὅσοι
965 1231 1035 1309 τῇδε
1051 1229 1130 1307 isal,

192 1347 287 1422 δοίντέ
309 1371 359 1428 μοι
389 1349 472 1428 καλῷ
508 1347 645 1423 γενέσθαι
675 1344 826 1411 τᾶνδοθεν·
858 1343 989 1423 τᾶξωθεν
1013 1337 1051 1412 δὲ,
1075 1343 1131 1411 ὁόα

191 1465 277 1544 ἕχον,
299 1473 360 1535 τοῖς
381 1464 462 1534 ἐντὸς
482 1458 558 1528 εἶναί
575 1485 624 1541 μοι
642 1462 743 1543 φίλια.
768 1458 801 1502 (²³
845 1457 889 1522 Et
911 1457 984 1529 hinc
1005 1457 1132 1539 quidem

186 1575 326 1660 judicare
352 1576 424 1639 licct
445 1576 483 1640 de
501 1574 685 1640 uestheticae
703 1574 913 1655 Platonicae,
926 1594 1005 1658 quae
1031 1577 1127 1658 uulgo

190 1708 406 1772 quaeruntur,
430 1691 609 1776 principiis.

229 1808 468 1888 Aestlreticam,
493 1828 573 1890 quae
591 1808 722 1892 proprie
753 1812 950 1904 appellatur,
971 1828 1028 1876 nec
1054 1831 1130 1876 con·

187 1924 267 1992 didit
282 1927 393 2006 Plato,
408 1942 467 1990 nec
485 1945 561 1991 vero
573 1929 679 2008 potuit
698 1927 843 1991 condere.
877 1929 959 1992 Nam
981 1929 1126 2008 pulcrum

187 2039 408 2123 intelligebat,
428 2041 515 2122 quod
531 2040 564 2104 in
577 2038 673 2105 rebus
695 2041 867 2106 moralibus
890 2061 1056 2108 summum:
1078 2059 1127 2108 est

187 2169 219 2220 et
250 2154 448 2239 perfectum,
478 2176 543 2223 non
573 2158 655 2224 illud
686 2156 758 2224 inde
780 2158 1017 2246 distinguebat,
1040 2164 1129 2243 quod

187 2272 306 2343 artibus
327 2289 376 2340 est
402 2277 579 2358 proprium.
624 2275 680 2342 Sin
701 2296 778 2341 vero
808 2276 995 2344 aestbeticac
1019 2281 1125 2362 appel-

185 2395 285 2460 lenus
317 2391 445 2460 nomine
473 2395 670 2475 disciplinam
695 2393 821 2476 pulcri,
865 2415 945 2475 quae
981 2397 1032 2459 ad'
1057 2400 1128 2476 pul-

185 2529 272 2574 crum
301 2507 380 2572 illud
408 2510 524 2572 morale
557 2510 710 2588 adducat,
742 2484 835 2575 nemo
862 2509 954 2574 facile
981 2511 1129 2593 philoso-

186 2624 321 2705 phorum
357 2621 572 2688 sublimiorem
603 2625 745 2689 condidit
777 2626 988 2692 oestheticam.
1043 2631 1126 2694 Nam

185 2760 223 2805 co
253 2739 460 2831 respiciens,
480 2755 561 2806 artes
591 2739 835 2821 contemnebat,
869 2761 948 2824 quae
977 2744 1124 2809 sensibus
1192 2789 1197 2797 -

184 2855 432 2938 gratificarentur
463 2857 587 2938 magis,
619 2876 712 2938 quam
739 2857 876 2921 animum
906 2859 1144 2938 emendarem

183 2992 263 3052 quae
284 2973 362 3038 ratio
385 2988 448 3040 erat
477 2980 642 3056 poetarum
671 2974 810 3040 omnium
831 2988 861 3038 et
880 2976 1124 3059 oratormn,'ip.·

127 3103 129 3106 ·
183 3089 250 3154 sius
269 3093 346 3156 adeo
364 3091 496 3157 Homeri
520 3091 642 3173 fuerat,
666 3091 822 3174 principis
843 3093 1125 3178 poetarumsillas

179 3220 259 3271 ‘vero
268 3208 411 3273 laudabat
423 3208 537 3288 unice,
558 3226 638 3289 quae
660 3206 799 3273 divinum
810 3225 1016 3292 sequerentur
1026 3213 1127 3292 pulcri

179 3323 308 3389 moralis
339 3328 532 3407 exemplum.
576 3325 667 3388 Hanc
695 3339 799 3390 autem
823 3326 927 3407 pulcri
943 3326 1125 3393 ,doctrinam

123 3458 127 3466 ’
178 3442 227 3507 sic
254 3438 423 3523 exposuit,
445 3455 482 3505 ut
499 3443 566 3524 ejus
585 3441 740 3523 principia
760 3443 888 3508 duceret
918 3462 955 3507 ex
978 3442 1046 3526 ipsa
1066 3443 1124 3508 ho·
1220 3472 1224 3488 r

176 3557 272 3624 minis
299 3554 428 3635 indole,
450 3557 611 3620 conferret
643 3535 746 3623 autem
779 3577 845 3624 eam
878 3559 1057 3627 universam
1084 3564 1123 3628 ad

178 3691 349 3757 puerorum
383 3669 640 3754 institutionem,
687 3675 726 3739 ad
759 3693 862 3740 veram
896 3677 1123 3767 provehendam
1211 3767 1215 3777 Ι

1072 3805 1124 3864 s'o·

215 3923 255 3998 (1)
275 3921 341 3991 hep.
362 3921 407 3975 111
426 3922 489 3978 402.
508 3926 540 3980 C·
610 3921 654 3990 Ι(ο)
676 3918 787 3973 Praeda.
808 3937 867 3993 279.
887 3919 920 3978 Β.

623 4021 653 4087 L
678 4043 695 4107 3
764 4038 766 4045 '
