2618 4680
569 196 766 253 ihm-⁴

201 359 252 424 'vis
270 359 320 424 vel
336 356 492 423 serviatci
512 371 650 439 sponte,
671 373 775 423 tamen
799 376 863 423 non
895 357 1040 422 indecora
1060 356 1135 440 eius

200 476 333 549 babaria
369 474 517 540 servitus.
561 474 624 538 Hic
651 488 699 538 est
728 475 863 541 Uraniae
894 477 977 541 Deae
1002 475 1134 555 Amor,

198 591 345 658 coelestis
366 593 435 674 ipse
467 605 498 657 et
526 590 652 655 maximi
682 592 891 657 aestimandus
931 607 961 656 et
993 590 1134 673 singulis

197 725 231 775 et
269 708 440 776 universis:
488 725 559 771 narn
595 710 747 772 rimantem
781 710 894 792 pariter
928 725 958 772 et
994 706 1133 773 amnium

196 830 235 897 ad
272 829 421 894 virtutem
456 824 561 890 ducit:
599 826 712 890 caeteri
748 830 906 908 vulgarem
950 840 1134 906 sequuntur

195 945 307 1011 Deam.
323 944 354 987 (¹)

235 1059 325 1125 Talis
350 1074 422 1140 est,
460 1070 553 1141 quern
577 1060 664 1125 Plato
700 1059 892 1140 celebravit,
923 1064 1034 1122 amor:
1069 1061 1131 1124 ricc

193 1177 360 1260 quisquam
383 1177 457 1241 haec
478 1175 569 1241 facile
589 1175 717 1258 legerit,
737 1176 814 1258 quin
838 1191 964 1241 nostrae
996 1173 1132 1243 rationis

193 1313 225 1360 et
252 1296 398 1377 antiquae
424 1295 588 1359 discrimen
623 1294 855 1360 animadvertat.
898 1293 1132 1359 Aceommoda·

193 1429 267 1479 runt
294 1435 366 1481 curn
389 1414 460 1480 Itali
478 1428 588 1497 poetae
606 1415 643 1478 ad
664 1413 860 1478 celebrandas
884 1420 997 1476 amatas
1028 1431 1131 1503 suas,

192 1545 224 1595 et
247 1529 449 1612 profecerunt
473 1529 543 1595 inde
565 1530 693 1595 mirifice
720 1545 751 1594 et
772 1529 806 1594 hi
834 1543 864 1593 et
889 1528 942 1594 alii
966 1531 1059 1593 multi
1089 1529 1132 1595 ad

191 1646 408 1728 exprimendos
436 1655 534 1727 puros
561 1662 592 1710 et
621 1646 771 1712 sublimes
802 1662 832 1712 et
868 1649 1021 1712 coelestes
1046 1649 1131 1713 adeo

187 1765 361 1833 mimorum
379 1782 511 1843 sensus,
532 1782 587 1828 eos
604 1763 806 1845 praesertim,
836 1764 892 1846 qui
907 1763 1030 1847 puriori
1048 1783 1134 1831 con·

187 1865 329 1953 venirent
344 1881 499 1966 religioni.
534 1881 596 1948 Sed
613 1901 699 1946 amor
717 1883 800 1963 apud
810 1880 992 1961 Platonem,
1015 1902 1134 1962 quarn-1

187 2005 238 2071 vis
256 2002 402 2069 coelestis
416 2001 489 2066 item
502 2016 533 2066 et
550 2000 664 2083 pariter
682 2000 809 2066 tendens
828 2001 868 2065 ad
884 1999 979 2064 vitam
1001 2000 1130 2070 beatam

186 2139 219 2189 et
235 2126 421 2199 coelestem,
444 2119 587 2185 adPlril
592 2141 652 2198 0250
654 2120 798 2206 phium
811 2117 945 2199 pertinet
960 2117 1128 2203 proxime,

187 2258 252 2307 non
270 2240 309 2302 ad
334 2237 528 2318 religionem.
573 2236 685 2300 Studet
708 2235 865 2299 sanctitati
884 2235 1043 2317 integrae,
1067 2240 1128 2304 scd

130 2384 132 2388 ¹
185 2376 272 2427 amor
299 2371 348 2420 est
368 2355 501 2437 proprie
526 2353 616 2435 veri,
646 2353 745 2433 boni,
775 2353 923 2434 virtutis,
946 2353 978 2417 in
1009 2356 1126 2436 primis

183 2476 365 2560 sapientiae.
400 2477 608 2559 Φρόνησις,
629 2473 673 2540 ait
699 2475 868 2553 Socrates,
890 2471 918 2537 si
939 2475 1084 2556 conspici
1106 2500 1126 2549 a

184 2596 369 2664 mortalibus
404 2606 533 2678 posset,
566 2593 760 2659 admirabiles
787 2592 837 2657 sui
863 2591 1010 2656 excitaret
1034 2614 1124 2662 arno-

184 2730 246 2782 res.
269 2714 300 2759 (²)
333 2717 442 2796 Itaque
468 2711 587 2779 amabat
621 2712 673 2776 ille
706 2713 939 2792 adolescentes,
974 2713 1007 2776 in
1037 2735 1125 2796 quo.

183 2853 252 2898 rum
270 2832 401 2914 ingeniis
425 2833 519 2893 latere
544 2832 731 2912 φρόνησις
764 2829 944 2911 videretur,
967 2852 1058 2912 quam
1087 2837 1122 2903 in

180 2952 280 3013 lucem
316 2943 488 3023 producere
526 2941 691 3007 miscendis
725 2946 922 3012 sermonibus
957 2951 1120 3023 studebat.

183 3063 254 3128 Hos
285 3064 454 3127 παιδικὰ
476 3056 607 3123 vocabat
634 3079 713 3141 sua,
736 3067 911 3145 'eorumque
944 3066 1119 3139 inanimis

1043 3186 1116 3264 aive.

215 3397 256 3466 (ι)
277 3394 370 3467 Symp.
390 3399 439 3449 180
458 3396 480 3448 C
498 3423 536 3439 -
556 3399 605 3450 183
622 3398 655 3450 C.
673 3400 715 3451 De
742 3399 848 3454 Venere
865 3405 968 3472 vulgari
989 3414 1015 3456 et
1046 3425 1117 3462 coe..

179 3477 242 3537 lesbi
265 3487 298 3538 V.
319 3486 389 3537 Plrrl.
420 3486 509 3537 Arnai.
529 3488 579 3556 764
610 3490 643 3539 A.
662 3489 705 3539 cf.
725 3491 784 3558 762.
816 3495 850 3541 Α.
880 3494 926 3544 ubi
947 3496 979 3544 ab
1004 3509 1116 3565 Aegyp-

177 3577 223 3627 tii·
244 3576 312 3629 hanc
338 3577 489 3630 doctrinam
509 3580 617 3645 repetit.
653 3579 723 3630 Hine
742 3583 856 3633 maxime
881 3591 971 3649 patet,
992 3600 1113 3649 ‹promo-

178 3665 214 3715 do
236 3665 335 3718 Graeci
363 3667 546 3719 orientalium
564 3687 637 3722 suani
657 3670 788 3721 rationem
810 3670 1042 3725 accommodat-int.
1063 3673 1111 3729 cf.
1178 3669 1181 3676 ’

176 3753 315 3822 napudoris
331 3755 369 3822 ad
385 3755 412 3807 lr.
434 3756 453 3806 l.
470 3775 498 3824 p.
527 3758 570 3812 44.
623 3761 668 3829 (2)
691 3758 922 3839 l'raed1·.25oD.
