2618 4680
571 242 745 307 may-

148 389 151 393 ⁴
191 404 255 472 utri
285 405 483 488 praestiterit,
526 405 610 471 Nam
643 402 773 474 dubium
801 406 898 475 videri
926 407 1051 492 possit,
1064 403 1127 501 cui

188 529 286 612 major
318 526 361 593 sit
396 527 498 592 honos
532 527 715 607 habendus,
748 523 805 606 qui
834 524 987 590 invenerit
1020 523 1124 607 viam,

187 661 227 718 att
247 643 304 725 qui
334 643 450 716 intrare
480 643 523 709 sit
548 622 645 709 ausus
673 656 704 707 ct
732 641 853 713 naviter
876 639 1062 722 fortiterque
1083 640 1125 715 sit

186 775 384 854 persecutus.
428 761 512 828 Illud
543 774 630 826 extra
660 779 781 826 omnem
814 758 1043 829 dubitationem
1077 770 1125 825 est

185 859 350 962 positum,
374 879 653 962 Wyttenbachium
687 897 724 943 eo
751 875 874 943 facilius
907 876 1127 955 efficaciusque.

185 993 327 1066 Platonis
365 1010 396 1065 et
429 996 543 1080 scripta
577 1009 608 1061 et
642 993 886 1079 philosophiam,
908 1009 1057 1062 tractasse
1092 1009 1125 1059 et

140 1157 147 1165 -
186 1111 394 1196 explicuisse,
429 1133 493 1196 quo
514 1113 612 1197 magis
641 1128 724 1180 esset
747 1111 816 1197 ipse
835 1131 909 1177 cum
927 1112 1032 1179 divino
1053 1109 1125 1195 phi2

184 1230 323 1313 losopho
350 1230 495 1303 sensibus
517 1229 707 1313 ingenioque
738 1243 908 1312 cognatus.
971 1227 1040 1294 Nec
1067 1226 1126 1297 ιιιὶι

185 1363 255 1419 turn
285 1346 426 1427 iccirco,
457 1347 651 1430 processisse
682 1367 752 1415 eum
788 1347 943 1428 deinceps
964 1344 1003 1413 ad
1033 1342 1126 1411 edem
1215 1386 1217 1391 -

145 1440 152 1455 “
187 1463 263 1534 dum
293 1463 511 1535 Plutarchum.
566 1463 693 1533 Etenim
719 1481 785 1528 non
811 1483 850 1528 eo
878 1460 1038 1545 spectabat
1066 1460 1127 1533 viri
1160 1502 1170 1523 ,

188 1577 380 1659 consilium,
403 1593 439 1643 ut
464 1591 621 1643 auctorem
644 1578 746 1642 ederet
767 1593 799 1647 et
830 1578 932 1642 variae
956 1591 988 1645 et
1015 1588 1126 1647 recoli·
1182 1612 1185 1617 »

186 1694 268 1768 ditae
301 1692 483 1774 doctrinae,
517 1692 574 1776 qui
599 1710 680 1766 unus
705 1692 845 1759 omnium
867 1692 993 1761 minime
1026 1693 1125 1778 explis

183 1810 247 1876 cari
273 1825 407 1893 posset,
431 1792 494 1885 nisi
517 1808 590 1893 quis
623 1825 721 1877 totam
752 1827 870 1886 teneret
900 1811 1125 1895 adhiberetque

139 1997 141 2001 ,
182 1927 223 2002 ad
244 1927 533 2010 interpretationem
561 1928 792 2010 antiquitatem.
835 1929 925 2014 Quae
955 1930 1035 2003 ratio
1061 1927 1126 2004 fuit

185 2045 369 2118 Casauboni
398 2046 431 2120 ln
467 2045 585 2120 edendo
624 2047 799 2114 Athenaeo.
837 2046 901 2112 Sed
927 2047 1015 2128 quod
1046 2046 1123 2128 Tu,

183 2163 364 2243 Creuzere,
397 2161 446 2228 vir
474 2167 818 2240 πλατωνικῶφατε,
851 2170 1011 2246 spectasse
1044 2161 1122 2230 mihi

181 2277 271 2348 visus
292 2297 326 2346 es
343 2279 376 2344 in
395 2279 595 2364 suscipienda
610 2278 727 2345 Plotini
746 2279 904 2364 editione,
926 2281 1008 2350 idem
1031 2292 1123 2364 specs

179 2397 284 2479 tavit,
306 2411 343 2463 ut
363 2397 432 2480 ipse
448 2396 576 2480 publice
606 2412 654 2464 est
675 2395 801 2478 fassus,
832 2398 1120 2481 wyttenbachius,

180 2526 217 2578 ut
244 2529 402 2581 auctorem
425 2515 578 2594 haberet,
598 2515 632 2578 in
653 2532 745 2594 quem
770 2515 1036 2597 interpretandum
1049 2535 1121 2581 oms

181 2642 253 2703 uem
279 2627 436 2693 conferret
456 2628 679 2708 adhiberetque
706 2631 881 2702 Socraticae
901 2630 1122 2712 philosophiae

181 2758 214 2819 et
233 2743 411 2820 Platonicae
440 2744 621 2828 elegantiam
646 2761 677 2811 et
700 2745 886 2815 ubertatem.
920 2745 1122 2815 Dissuaserat

179 2862 242 2929 hoc
265 2863 293 2927 ei
313 2862 480 2941 consilium
509 2859 756 2944 Valckenarius,
780 2875 816 2929 ut
829 2838 935 2950 'majus
953 2882 1012 2950 pro
1035 2863 1119 2939 vitae

178 2973 330 3058 humanae
361 2981 525 3048 breuitate.
585 2981 660 3079 Quo
687 2980 791 3048 minus
824 2996 915 3067 aegre
953 2982 1116 3058 ferendum

178 3110 253 3176 est,
275 3116 355 3179 quae
377 3101 601 3166 nonnullorum
629 3111 677 3165 est
698 3103 922 3183 consuetudo,
944 3122 1028 3186 opus
1049 3120 1116 3176 nou

179 3211 220 3280 ad
251 3211 344 3280 finem
374 3235 442 3281 esse
474 3216 672 3300 perductum.
717 3211 817 3287 Grato
837 3218 942 3285 animo
963 3219 1118 3301 accipiens

180 3336 280 3403 dum,
303 3331 390 3419 quod
407 3333 514 3414 dedit,
537 3351 602 3410 non
618 3333 739 3418 ingrato
757 3336 1020 3419 vituperandum,
1042 3337 1116 3417 plue

179 3471 251 3546 esse
269 3447 482 3534 promissum,
514 3470 606 3532 quam
636 3452 756 3522 datum.
799 3454 878 3520 Non
904 3450 1047 3533 cogitant
1070 3455 1115 3535 vl„
1196 3521 1206 3533 ,

178 3582 374 3653 tuperatores
403 3562 483 3646 isti,
524 3569 614 3649 quale
642 3568 685 3634 sit
700 3620 703 3628 .
718 3567 805 3650 quod
832 3567 977 3650 suscepit
1004 3585 1114 3656 opus,

68 3758 70 3764 ,
142 3694 146 3698 ’
180 3689 254 3770 vel,
286 3684 314 3751 si
347 3682 506 3765 cogitant,
537 3699 601 3749 non
623 3684 895 3769 animadvertunt,
917 3701 996 3770 quae
1019 3689 1114 3759 fuerit

183 3798 421 3887 Wynenbaehii
464 3798 622 3886 diligentia
659 3819 691 3874 et
730 3801 861 3886 religio
883 3804 926 3882 ln
975 3808 1114 3878 minhnia

178 3952 215 3963 .,
1058 3938 1113 4006 p„
