2618 4680
491 230 670 292 -'21-o

112 411 176 478 bic¹
195 409 293 494 aperit
306 408 353 473 ad
376 405 519 474 criticum
541 408 679 476 Platonis
709 408 870 490 studium,
904 425 970 492 quo
991 429 1045 476 ne-

113 531 236 612 glecto,
257 545 349 590 nemo
370 539 479 608 putet,
502 545 536 591 se
556 526 596 591 ad
616 525 763 591 interiora
779 512 954 595 Platonicae
977 528 1048 612 phi·

110 642 276 727 losophiae
298 661 384 708 sacra
412 641 574 726 pervenire
596 662 702 725 posse.
748 643 812 709 Sed
833 643 921 711 aditu
948 648 1049 709 reclu-

113 760 215 827 dendo
242 745 411 825 contentus
434 758 535 826 fnisse
558 759 934 827 videturRuhnkeuius.
977 761 1050 827 Phi-

111 878 345 960 losophandum
380 879 487 959 paucis
527 877 680 943 ducebat:
720 897 789 943 nam
822 878 963 959 omnino
982 895 1049 943 non

111 994 266 1078 placebat.
315 995 360 1060 Et
382 994 469 1077 quod
491 995 604 1076 Nepos
629 993 673 1059 ait
705 995 744 1057 de
774 994 904 1075 Attico,
937 997 1049 1080 attigit

113 1133 233 1197 qaoque
260 1115 424 1200 poiticen,
460 1110 636 1192 credimus,
670 1130 709 1174 nc
741 1109 805 1180 eius
835 1126 943 1196 expers
976 1125 1051 1176 esset

111 1231 305 1309 suauitatis,
345 1229 427 1294 idem
461 1227 538 1307 ille,
582 1241 662 1292 teste
695 1222 968 1308 Wyttenbachio',
1012 1226 1051 1289 de

114 1341 220 1412 studio
244 1362 262 1407 a
287 1362 319 1407 se
349 1341 569 1424 philosophiae
602 1340 762 1421 impertito
794 1340 895 1404 dicere
918 1341 1050 1406 solebat.

117 1456 308 1524 Suavitatem
330 1457 436 1548 enim,
470 1455 671 1538 elegantiam,
693 1469 886 1520 venustatem
909 1454 941 1520 in
965 1457 1051 1522 omni

118 1569 323 1653 scriptionum
347 1589 481 1654 genere,
510 1570 703 1652 philosopho
724 1570 834 1652 etiam,
870 1566 1052 1656 ex'quirebat

115 1684 345 1751 studiosissime
365 1701 395 1751 et
416 1684 596 1753 felicissime
627 1688 875 1771 deprehendebat
897 1703 991 1772 atque
1015 1690 1049 1754 in

113 1804 215 1870 lucem
238 1801 426 1887 proferebat.
470 1803 543 1872 Hoc
561 1805 733 1886 procedens
755 1805 865 1871 itinere
896 1792 1050 1873 Ruhnkea

115 1920 188 1991 ttius
220 1918 254 1986 in
282 1918 411 1986 Criticis
447 1919 614 2001 excelluit,
645 1920 678 1985 in
701 1921 803 2003 iisque
824 1923 901 1987 adeo
935 1923 1051 2006 princi*

116 2052 224 2122 patum
248 2036 405 2105 obtinuit:
428 2054 499 2102 nam
521 2037 685 2103 accedebat
703 2038 752 2103 his
776 2037 909 2103 dotibus
929 2052 960 2103 et
982 2053 1055 2104 stu-

112 2155 175 2221 diis
208 2153 358 2223 immensa
391 2153 531 2220 doctrina
570 2168 600 2219 et
641 2174 708 2221 rara
739 2155 886 2237 quaedam
923 2156 1050 2221 solertia

112 2271 242 2352 critica,
265 2291 357 2354 quarn
382 2271 510 2343 acuebat
532 2271 663 2339 mirifice
685 2273 852 2339 acerrimus
873 2273 926 2339 ille
949 2272 1052 2356 pulcri

16 2407 17 2410 ’
83 2402 250 2459 'sensust
283 2402 315 2456 et
350 2390 438 2459 edere
469 2391 627 2455 Platonem
652 2389 698 2453 sic
722 2390 905 2472 potuisset,
933 2405 969 2454 nt
990 2391 1052 2456 ele·

115 2506 307 2588 gantiorem,
328 2504 406 2567 adde
421 2516 453 2571 et
470 2503 641 2569 doctiorem
658 2505 943 2584 accuratioremque
954 2505 1054 2584 scrip·

115 2620 196 2687 toris
227 2615 512 2698 interpretationem
547 2618 632 2682 nulla
664 2634 811 2694 uruquam
843 2630 925 2680 aetas
949 2617 1055 2682 visura

96 2734 254 2816 ¹fuisset3
288 2733 344 2800 sed
373 2731 609 2817 philosophiam
639 2732 783 2812 tradere,
806 2731 955 2816 Logicam
978 2753 1055 2800 con·

115 2852 274 2933 seribere,
311 2851 427 2936 placita
459 2851 611 2934 explicare
645 2849 908 2934 philosophorum
950 2852 1053 2920 abdita
1107 2824 1113 2834 ²

114 2971 206 3041 etiam
230 2984 262 3036 et
280 2969 462 3035 recondita:
486 2967 726 3052 Wyttenbachii
749 2968 946 3038 normanus
969 2968 1051 3038 fuit:

114 3088 200 3154 haud
220 3085 320 3152 fuisse
340 3085 465 3151 videtur
487 3083 683 3152 Ruhnkenii.
816 3080 821 3086 '

160 3201 426 3283 Wyttenbachius
454 3202 588 3288 juvenili
619 3217 716 3271 aetate
745 3204 822 3286 quid
852 3204 916 3270 sihi
937 3206 1054 3283 vellet,

117 3317 199 3402 quid
214 3333 397 3400 appeteret,
416 3321 469 3388 eni
492 3320 668 3386 studiorum
692 3320 796 3404 generi
820 3341 855 3385 se
874 3321 1054 3400 addiceret,

117 3454 184 3508 non
201 3432 399 3518 reperiebatt
423 3437 477 3503 sed
498 3452 648 3509 errantem
667 3438 721 3503 diu
742 3452 773 3503 et
796 3456 834 3502 ex
852 3437 921 3502 aliis
944 3437 977 3500 in
996 3436 1054 3504 alia

118 3552 239 3622 incerto
263 3566 449 3633 vagantem,
481 3553 573 3621 ecce!
605 3555 762 3636 extemplo
786 3552 891 3634 ipsum
913 3552 997 3635 capit
1020 3554 1053 3618 in

121 3669 332 3753 Xenophonte
365 3666 497 3750 legendo
528 3670 635 3737 nescio
659 3670 737 3752 quid
758 3666 943 3735 suavitatis:
968 3660 1055 3753 quod

120 3782 192 3871 ipse
212 3783 288 3853 mihi
312 3801 403 3869 saepe
425 3785 561 3850 narrant
583 3805 711 3866 coram,
747 3797 777 3848 et
806 3784 930 3869 publice
963 3787 1053 3851 etiam

560 3899 584 3964 B
610 3921 626 3983 3
952 3900 1052 3982 scrip-
