2618 4680
560 242 758 293 ⁸100·-

195 424 264 472 nem
282 410 559 491 reprehenderent,
572 411 829 475 calumniarentur
840 456 850 490 ,
862 425 917 472 nec
937 406 1039 490 ipsius
1059 420 1133 488 par·

191 540 297 590 terent
331 526 468 592 Socratis
493 525 615 591 virtuti.
638 518 669 568 θ)
711 525 853 608 Quorum
881 542 954 588 sane
985 522 1132 588 omnium

196 642 290 707 nobis
310 643 389 708 tatio
415 641 555 707 habenda
570 641 628 706 erit
653 641 685 704 in
712 642 797 705 hisce
827 639 1129 722 disquisitionibus;

195 761 251 824 scd
280 758 321 825 inl
337 760 445 843 primis
471 778 602 841 eorum,
625 757 680 839 qui
712 772 774 823 tarn
803 758 910 839 inique
930 759 969 822 de
999 757 1132 840 Socrate

197 892 229 940 et
248 879 375 942 Platone
390 877 586 961 judicarunt,
609 877 768 941 imovero
796 873 979 940 sententiam
1006 873 1047 962 iis
1071 873 1132 939 ob·

192 1008 379 1073 truserunt,
418 994 559 1081 ipsorum
600 991 723 1075 placitis
763 991 1002 1074 propositisque
1039 992 1132 1073 plane

194 1110 391 1177 contrariam.
437 1113 500 1177 Sed
531 1110 725 1192 utquisque
754 1109 792 1173 de
820 1109 869 1172 his
892 1107 1044 1172 omnibus
1062 1107 1130 1192 ipse

190 1226 331 1309 judicet,
366 1247 430 1292 non
454 1229 492 1292 ab
526 1228 624 1292 aliena
652 1228 784 1308 pendeat
821 1225 991 1308 opinione,
1030 1243 1129 1290 unum

191 1346 384 1426 alterumque
407 1364 623 1428 percurramus
649 1345 787 1410 Platonis
807 1345 985 1426 dialogum:
1012 1356 1047 1408 et
1066 1329 1130 1426 pii·

193 1481 279 1528 nrum
303 1463 428 1544 quidemr
459 1464 574 1544 illum,
606 1463 663 1544 qui
704 1463 832 1528 Phaedri
862 1461 989 1526 nomine
1020 1461 1129 1528 instri-

194 1581 280 1643 bitur
317 1594 348 1644 et
392 1581 497 1645 locum
525 1583 586 1664 jam
616 1580 710 1645 nobis
738 1578 951 1662 suppeditavit
988 1580 1029 1643 de
1062 1580 1131 1646 vita

192 1696 291 1760 beata.
337 1696 449 1777 Capiet
478 1714 537 1761 nos
566 1697 720 1761 continuo
753 1716 901 1780 generosa
922 1697 1060 1762 Phaedri
1083 1698 1126 1763 in·

189 1814 276 1878 doles
301 1831 372 1876 curn
403 1813 532 1878 Socrate
558 1784 788 1878 confabulantis
818 1812 1028 1896 suavissime,
1061 1798 1153 1881 turn¹

191 1929 328 1996 Socratis
347 1948 408 1995 nos
439 1929 566 2013 capiet,
587 1930 649 1994 imo
676 1929 817 1995 movebit
840 1931 873 1994 in
895 1945 1020 2012 turpem
1042 1952 1129 2000 anro-

189 2068 253 2114 rem
270 2047 382 2113 oratio.
429 2048 490 2113 Sed
506 2067 568 2111 rem
584 2047 622 2112 ab
651 2031 778 2112 exordio
798 2048 867 2112 inde
894 2048 1116 2128 exponamus.'

233 2165 412 2228 Sermonem
448 2183 466 2225 a
505 2163 605 2244 Lysia
635 2179 795 2246 acceperat
832 2165 1014 2246 Phaedrus,
1059 2185 1123 2247 quo

185 2281 386 2345 contenderat
413 2277 488 2359 ille,
522 2279 635 2343 amanti
664 2297 730 2343 non
766 2279 1000 2362 gratificandum
1031 2300 1123 2363 esse,

187 2397 243 2460 sed
272 2397 322 2478 ei,
362 2395 418 2479 qui
451 2413 517 2461 non
556 2411 692 2461 amaret:
732 2398 816 2461 hunc
861 2396 941 2460 enim
977 2399 1123 2465 sedatum

187 2534 256 2579 esse
273 2529 304 2579 et
330 2515 509 2597 placidum,
542 2515 630 2579 iilum
655 2534 731 2580 vcro
762 2512 1001 2579 vehementibus
1029 2516 1124 2599 agita·

184 2632 212 2696 ri
240 2631 364 2697 studiis.
409 2634 512 2717 Quern
547 2647 583 2698 ut
610 2648 792 2714 acceperat,
832 2631 910 2695 urbe
936 2634 1120 2718 egreditur,

183 2755 324 2817 ursolus
350 2751 511 2817 ambulans
529 2751 728 2816 meditaretur
756 2769 824 2815 eum
855 2747 1010 2814 studiose.
1037 2753 1123 2819 Nam
1149 2736 1151 2741 ’

182 2881 342 2931 oratorum
380 2867 519 2929 omnium
554 2863 684 2944 Lysiam
718 2864 925 2928 admirabatur
959 2869 1124 2952 maxime,

183 3000 249 3061 quo
281 2997 346 3044 non
373 2979 503 3059 putabat
529 2977 677 3043 disertius
716 2998 812 3060 posse
857 3001 1049 3062 quemquam
1090 3001 1122 3054 et

182 3095 323 3162 ornatius
353 3095 467 3160 dicere.
511 3093 697 3160 Ambulanti
730 3111 832 3160 autern
863 3112 894 3162 et
930 3100 1121 3186 meditanti,

181 3212 271 3281 ecce!
296 3211 411 3277 obvius
434 3225 482 3275 est
510 3211 537 3276 ei
559 3213 728 3293 Socrates,
752 3213 808 3294 qui
829 3215 955 3296 penitus
976 3235 1122 3298 cognos.

178 3353 253 3401 cens
282 3333 451 3417 juvenem,
473 3343 509 3393 ut
541 3347 656 3393 nomen
681 3329 800 3395 audivit
827 3329 969 3414 Lysiae,
992 3334 1123 3419 perspi·

177 3457 221 3518 cit
258 3451 436 3529 continuo,
462 3447 538 3530 quid
575 3447 661 3512 intus
690 3447 786 3530 agitet
812 3448 938 3528 anim0,
960 3465 1122 3534 rogatque

181 3587 275 3648 eum,
299 3579 335 3633 ut
362 3583 468 3629 secum
497 3562 707 3628 communicet
740 3563 961 3648 pulcerrimum
990 3565 1120 3637 scilicet

1076 3679 1118 3743 il·

149 3817 153 3821 .
214 3775 256 3841 (1)
274 3774 311 3824 V.
331 3776 446 3828 Gesneri
481 3779 607 3828 Socrates
626 3786 739 3851 sanctus
760 3775 927 3850 paederatta
951 3774 981 3830 in
1011 3791 1117 3836 comm.

177 3871 257 3930 Gott.
281 3872 324 3925 ed.
345 3875 413 3926 item
424 3876 499 3945 'l'raj.
518 3875 552 3928 ad
566 3875 618 3930 Rh.
639 3876 713 3947 1769.
