2618 4680
568 245 772 309 ...151-

183 409 315 494 hymnis·
331 409 519 477 extollebant
542 410 683 475 Deorum
704 408 809 473 laudes
825 421 854 472 et
872 406 952 476 iacta
968 411 1122 494 praeclara
1203 429 1207 439 ·

144 570 152 581 ψ
185 508 341 605 heroum,
362 525 404 592 ita
431 544 481 590 res
505 524 599 591 simul
624 525 762 590 Deorum
792 525 985 607 heroumque
1011 545 1122 594 canen-

186 647 228 710 do
251 643 456 723 saltandoque
483 640 702 706 imitabantur,
741 642 844 725 Cujus
868 641 911 706 rei
930 646 1119 725 praeclarum
1208 707 1213 713 .

153 802 157 807 -
186 776 287 844 exstat
312 760 558 839 monimentum,
592 758 727 840 hymnus
757 759 791 822 in
815 758 1022 842 Apollinem,
1054 761 1123 826 Ho-

185 897 271 949 meuo
288 879 390 959 vulgo
405 876 618 958 adscriptum,
641 876 696 955 qui
725 875 859 941 nativam
882 877 1025 943 continet
1048 878 1127 943 ciro·

183 994 211 1059 ri
228 993 491 1076 descriptionem,
505 1012 569 1073 quo
591 994 683 1058 lones
701 992 845 1058 solebant
856 993 889 1057 in
908 992 1044 1060 Deliacis
1060 991 1125 1060 fes·

183 1111 226 1176 tis
252 1110 492 1194 Apollinemne
518 1108 649 1175 Dianam
684 1107 851 1173 celebrare.
905 1108 984 1172 Noa
1019 1107 1122 1172 minus

182 1229 246 1293 illic
272 1228 403 1295 imitatio
431 1225 595 1299 hominum
621 1245 678 1292 seu
702 1226 809 1308 actio,
833 1245 926 1308 quam
949 1238 1060 1289 cantus
1093 1240 1123 1290 et

181 1347 305 1414 saltatio
323 1345 482 1410 laudatur.

195 1526 200 1533 .
246 1468 366 1535 πάντων
381 1469 413 1532 ’δ’
435 1465 592 1544 alaudam
611 1466 715 1545 Φωνὲις
737 1463 788 1528 aad
811 1464 1042 1543 κρεμβαλιαςὺν

193 1641 197 1661 ,-
243 1583 377 1666 μιμεῖσθ’
399 1580 507 1669 ioaou‘
528 1580 608 1661 datin
630 1581 661 1646 δέ
682 1603 731 1644 κεν
753 1582 844 1651 αὐτὸς
866 1576 981 1651 ,lassor

216 1675 220 1681 ι
243 1699 422 1781 ailward·
444 1693 524 1764 οὕτω
539 1703 612 1778 σφιν
634 1699 713 1771 καλὴ
733 1698 892 1776 ouuaipupeu
925 1697 1021 1777 dorda·
1045 1691 1092 1736 (ι)

224 1813 271 1878 Ut
292 1825 407 1896 sponte
430 1828 488 1877 sua
506 1810 603 1874 homo
627 1828 736 1881 canere
752 1809 849 1890 gestit
870 1827 900 1874 et
922 1809 1059 1890 saltare,
1081 1809 1126 1875 ita

178 1929 299 1996 accedit
330 1929 461 1995 naturali
502 1926 576 1994 huic
614 1922 845 1990 oblectamento
883 1923 1026 1991 imitandi
1057 1944 1126 1992 stu-

180 2048 289 2124 dium,
311 2063 377 2109 non
402 2042 507 2107 miuus
528 2058 601 2106 sana
621 2056 751 2108 naturae
779 2058 968 2124 congruum.
1011 2044 1124 2108 Patent

176 2160 256 2224 ,haec
278 2159 311 2223 in
332 2175 500 2241 puerorum
522 2156 774 2237 consuetudine,
795 2173 826 2221 et
839 2154 955 2240 pariter
974 2155 1005 2222 in
1023 2178 1127 2241 popu·
1224 2223 1232 2237 ,

178 2255 281 2344 iorum
303 2274 471 2356 moribus,
504 2275 561 2358 qui
588 2292 673 2341 nutu
699 2272 823 2353 otiam,
853 2287 889 2338 ut
906 2287 982 2341 tunc
1004 2274 1131 2360 Jonas,

180 2392 331 2473 pueritiae
362 2388 503 2458 referum
534 2389 664 2469 gratiam
693 2403 724 2451 et
755 2388 1003 2468 simplicitatem.
1057 2393 1127 2458 Lu*

180 2510 289 2572 domes
307 2505 352 2568 illi
369 2522 540 2587 puerorum
565 2502 688 2579 instar,
708 2505 848 2568 canendo
881 2505 1132 2581 delectantutet

179 2621 345 2699 saltando,
373 2620 557 2698 chorosque
578 2618 716 2700 jungunt
736 2631 766 2680 et
788 2619 931 2685 homines
971 2621 1125 2688 imitantur

180 2751 215 2802 ot
243 2754 291 2800 res
310 2735 348 2800 ab
374 2732 414 2799 iis
433 2747 549 2816 gestas.
593 2731 692 2817 Quod
719 2733 914 2800 advertentes
952 2733 1126 2818 peregrina-

182 2866 291 2930 tores,
315 2851 369 2932 qui
393 2850 427 2915 in
454 2847 809 2932 remotioregionibus,
833 2848 866 2914 in
889 2850 1004 2919 insulis
1026 2854 1126 2921 maxi-

181 2987 230 3036 me
248 2968 341 3035 matis
367 2966 539 3048 australis,
574 2968 653 3031 tales
673 2965 816 3032 adierunt
839 2971 1004 3051 populos,
1028 2973 1126 3054 eupli

179 3098 315 3156 coortutt
334 3104 372 3152 ex
390 3103 505 3151 eorum
522 3083 863 3165 mortuuchuororum
883 3085 968 3168 apud
986 3088 1126 3158 Graecos
1219 3165 1223 3170 ,

1078 3225 1122 3270 ra·

218 3401 257 3470 (1)
278 3400 358 3454 Hom.
378 3401 475 3470 Hymn.
493 3403 522 3453 in
543 3399 636 3469 Apoll.
655 3385 705 3451 Vs.
733 3403 791 3457 152.
812 3402 863 3452 De
881 3402 972 3455 choris
992 3401 1129 3468 prneolaro

181 3492 352 3557 scripserunt
369 3491 470 3552 multi,
499 3491 528 3542 iu
554 3491 648 3558 primia
676 3489 848 3554 schilterus,
870 3493 917 3561 qui
939 3491 971 3540 ad
990 3491 1129 3552 Graecam

182 3582 317 3633 tutionem
332 3597 378 3631 sua
394 3579 453 3645 ipso
474 3579 594 3637 dramata
609 3580 796 3632 couiormavit.
834 3581 875 3632 Ex
900 3580 1022 3631 Platonis
1047 3581 1122 3630 fonto
1169 3631 1173 3636 ,

132 3654 136 3661 ’
183 3686 247 3732 pean
257 3669 320 3720 data
340 3685 422 3736 opera
443 3665 579 3721 duxeruut
595 3667 696 3720 'sextus
718 3677 746 3718 et
767 3669 885 3733 Bauius,
906 3668 1043 3736 opusculis
1060 3667 1124 3719 ian*

181 3755 263 3815 datis.
283 3758 342 3817 Nos
358 3757 503 3826 quominus
520 3756 599 3823 plura
619 3757 653 3808 de
667 3740 718 3810 hoc
737 3766 893 3828 argumento
912 3757 1120 3822 adduceremus,

183 3842 323 3917 utriusque
344 3847 411 3900 fecit
427 3865 490 3901 cum
508 3845 647 3916 diligentia
668 3856 725 3902 tum
741 3847 891 3903 disserundi
907 3847 1047 3921 elegantia.

616 3938 688 4022 Ka
