2618 4680
564 174 769 252 -1J6-

197 347 365 428 Socmtes,
395 354 410 416 ὁ
438 354 663 431 ἑρκτικέτιτις.
706 352 796 436 Quae
824 354 919 419 nobis
955 362 1144 438 quaerenda

194 481 332 545 restant,
351 465 403 530 ille
419 483 479 530 nos
497 466 645 547 docebit,
667 483 699 531 et
719 470 886 552 explicabit
901 470 1021 556 simul,-
1047 477 1145 559 quod

191 587 330 650 nondum
354 585 445 666 plane
477 600 580 664 putet,
612 586 724 650 mirum
759 586 838 651 illud
865 594 1027 674 μάθημα,
1069 612 1143 676 quo

192 723 258 768 nno
279 702 401 767 solebat
419 702 567 783 gloriari,
589 715 646 772 ris
663 709 824 786 ἕρωτιιένε
848 706 979 772 omnino
1014 711 1142 777 amoris

191 821 286 886 nobis
304 819 499 901 disciplinam
516 820 634 899 tradet,
646 840 724 902 quae
742 823 782 886 ad
795 823 899 904 ptdcri
920 825 1013 890 ducit
1031 829 1141 896 scien·

191 941 278 1003 tiam.
320 937 382 1002 Sed
399 936 432 1000 in
451 936 633 1000 convivium
653 939 825 1005 redeemus.

231 1053 324 1135 Dixit
351 1031 427 1134 post
447 1053 690 1135 Aristophanem
721 1055 875 1136 Agatho,
905 1061 1004 1144 cujus
1029 1039 1137 1132 orati'o

188 1172 234 1238 sie
259 1169 378 1255 placuit
408 1170 578 1251 omnibus,
599 1171 645 1235 sic
671 1189 780 1243 omnes
804 1172 840 1238 in
863 1173 1004 1242 dicentis
1035 1183 1142 1250 admi.

188 1287 339 1354 rationem
366 1284 490 1371 rapuit,
522 1301 558 1350 ut
577 1287 690 1368 plausu
713 1306 784 1351 eum
815 1303 848 1352 et
869 1292 1007 1358 summis
1032 1293 1139 1364 nudi.

189 1405 253 1474 bus
278 1405 459 1487 exciperent
487 1420 518 1468 et
538 1419 816 1486 prosequerentur.
836 1405 870 1451 (¹³
902 1408 977 1475 Nec
999 1412 1132 1485 mirum⁴

187 1525 273 1590 Nam
306 1522 486 1591 excellentis
517 1537 566 1587 est
596 1521 714 1604 ingenii
744 1522 894 1605 Agatho,
938 1542 972 1593 et
1000 1528 1136 1614 ingenio

188 1643 337 1726 congruit
354 1639 456 1710 forme
480 1642 614 1721 decom,
645 1655 677 1704 et
707 1639 841 1723 inipso
864 1655 916 1707 est
948 1645 1136 1728 juventutis
1222 1711 1226 1716 ,

185 1760 285 1839 flore,
307 1774 339 1823 et
366 1777 442 1823 vero
462 1757 647 1839 pulcerrime
663 1757 763 1838 dixit,
796 1776 833 1823 ut
866 1767 964 1842 poeta
1001 1780 1036 1832 et
1066 1769 1136 1836 vic.

185 1895 238 1942 tor
264 1875 457 1942 aemulorum
491 1874 524 1938 in
555 1874 674 1956 tragico
701 1876 891 1959 certamine,
933 1900 1033 1962 quam
1063 1888 1134 1954 vic.

185 1995 297 2062 teriam
328 1991 391 2060 hoc
423 1994 496 2077 ipso
519 1991 669 2059 convivio
699 2013 772 2062 cum
794 1994 903 2062 amicis
934 2013 968 2063 et
994 2001 1132 2073 familia.
1158 2011 1163 2021 ·

184 2115 274 2182 ribus
302 2114 464 2182 celebrat:
494 2113 544 2178 Ut
579 2127 683 2178 autem
716 2130 824 2177 omnes
864 2114 1063 2188 admirantur
1095 2123 1131 2192 in

182 2229 311 2316 poetico
336 2230 480 2319 encomio
508 2247 582 2292 cum
607 2227 685 2310 alia,
716 2242 785 2293 tum
806 2229 976 2298 verborum
1004 2237 1134 2323 elegan.

180 2347 280 2429 tiam,
312 2345 463 2413 orationis
490 2344 695 2413 suavissimae
720 2346 859 2428 flumen,
891 2363 959 2416 turn
991 2358 1128 2426 maxime

181 2465 314 2553 effigiem
343 2465 481 2548 amoris,
505 2485 598 2548 quam
618 2464 815 2533 abumbravit
835 2466 1044 2548 pulcerrimus
1073 2478 1128 2561 ju.

182 2588 272 2655 venis
310 2584 452 2653 omnium
489 2584 731 2667 pulcerrimum,
772 2584 816 2649 ita
840 2603 932 2655 mou¹
948 2587 1127 2676 Socrates,

180 2705 427 2791 Eryximachum
458 2703 656 2787 adspiciens,
692 2703 841 2770 videorne
874 2701 964 2786 tibi,
993 2705 1125 2795 inquit,

181 2824 337 2895 Acumeni
357 2824 423 2904 fili,
444 2837 560 2896 temere
578 2825 640 2908 jam
659 2822 778 2889 dudum
795 2821 968 2906 metuisse,
986 2843 1046 2893 nec
1069 2849 1126 2897 va-

179 2940 222 3006 tis
253 2941 351 3005 instar
374 2957 447 3004 vere
470 2937 682 3022 praedixisse,
711 2938 909 3019 Agathonem
935 2940 1126 3016 mirabiliter

177 3056 337 3124 dicturum
354 3075 448 3134 esse,
470 3073 520 3118 me
541 3055 627 3133 quod
648 3056 802 3137 dicerem,
824 3073 890 3123 non
911 3058 1121 3151 habiturum?

178 3174 237 3241 ,Ille
262 3191 362 3254 vero,
392 3173 521 3236 alterum
554 3172 754 3253 quideme
785 3174 956 3259 Socrates,
986 3177 1122 3264 inquit,

178 3312 252 3360 vere
268 3289 457 3358 vaticinatus
477 3309 534 3371 es,
555 3289 635 3355 bene
653 3290 1053 3381 ,dicturumngathonem
1074 3305 1126 3369 al.

177 3427 282 3480 terum
310 3429 407 3492 vero,
433 3407 494 3475 tibi
523 3406 700 3476 defutmam
728 3401 796 3475 esse
825 3392 1019 3497 orationem,
1051 3437 1122 3488 non

177 3531 267 3605 item,
308 3528 429 3615 Quidni
449 3547 546 3610 vero,
569 3525 694 3613 reponit
716 3527 881 3608 Socrates.
904 3547 935 3600 et
957 3551 1017 3617 ego
1045 3537 1121 3607 hae-

1032 3674 1122 3729 feam

178 3817 182 3827 .
213 3784 260 3856 (r)
280 3781 374 3855 Symp.
394 3784 459 3855 198⁸¹
473 3784 507 3836 A.
621 3830 623 3837 .
