2618 4680
489 221 668 284 ενι-29*

114 398 154 444 an
184 394 286 445 rerum
310 377 448 477 peritiam
478 393 509 444 et
541 379 767 460 eruditionem,
788 397 826 448 an
856 386 932 448 uero
960 383 1047 466 judi*

114 497 196 567 cium
230 498 278 560 vel
305 513 431 561 sensum
464 496 572 580 potius
613 498 678 562 veri
709 498 902 571 acerrimum.
958 501 1045 565 Nam

47 614 53 625 ‘
112 625 226 693 sponte
255 611 395 696 proferre
422 629 453 678 et
483 615 573 695 quasi
590 634 702 697 parere·
713 617 835 681 solebat
858 617 1045 682 emendatio«

111 745 190 806 nes,
219 747 275 797 nec
308 729 484 811 probabiles
507 730 661 814 putabat,
692 751 771 813 quae
800 732 909 799 multis
941 745 1048 795 essent

112 845 286 912 rationibus
306 848 484 929 probandae
507 863 538 912 et
558 850 829 917 commendandae.
857 849 1047 931 Symbolum

112 962 305 1045 usurpabat,
326 979 363 1028 ut
382 963 496 1030 fecerat
514 967 588 1030 item
612 964 844 1032 Ruhnkeuius:

237 1081 352 1157 ἄπλους
374 1087 435 1166 γὰρ
456 1087 545 1165 μῦθος
566 1093 621 1159 τῆς
642 1086 784 1161 danielus
806 1085 878 1166 ἔφυ·

113 1212 172 1262 nec
203 1214 309 1262 verum
340 1196 552 1277 existimabat,
586 1198 648 1264 nisi
683 1197 771 1279 quod
804 1194 939 1277 simplex
968 1207 1052 1260 esset

114 1328 146 1377 et
166 1312 267 1396 ipsius
301 1313 367 1379 veri
399 1334 434 1380 se
459 1315 690 1379 commendaret
711 1312 841 1379 lumine.
887 1311 949 1378 Sed
973 1331 1054 1392 quae

116 1427 177 1491 viri
206 1427 324 1494 fuerint
356 1429 390 1493 in
419 1429 621 1494 Plutarchum
654 1443 685 1493 et
714 1442 810 1494 totam
837 1426 1054 1508 antiquitatem

119 1543 250 1622 merita,
271 1561 328 1607 nec
349 1557 380 1609 te
400 1545 496 1622 latet,
520 1544 700 1622 Creuzere,
722 1561 780 1607 nec
807 1544 901 1627 huius
921 1556 969 1607 est
988 1539 1055 1606 loci
1125 1600 1127 1607 ,

119 1658 298 1742 diligentius
330 1659 492 1740 explicare.
544 1657 641 1742 Quod
671 1678 747 1724 vero
779 1658 817 1724 ab
848 1657 939 1724 initio
963 1657 1052 1738 dixi,

72 1830 74 1835 .
116 1772 242 1854 ingenio
268 1772 356 1838 illum
387 1771 592 1854 doctrinaque
618 1775 781 1857 antiquum
810 1778 902 1858 plane
928 1775 1075 1854 retulis·'

115 1908 151 1954 se
171 1908 305 1968 aevum,
326 1889 434 1969 paucis
459 1883 548 1956 eti‘am
573 1890 721 1970 persequi
745 1891 847 1974 juvat.
891 1891 974 1955 Nam
997 1909 1055 1972 per
1092 1955 1095 1961 Δ

117 2022 210 2069 omne
248 2019 398 2087 tempus,
444 2024 508 2086 quo
549 2022 611 2070 una
641 2002 760 2069 fuimus
794 2018 825 2068 et
857 2002 960 2068 virum
994 2021 1057 2084 ego

84 2196 88 2209 γ’
117 2137 307 2202 cognoscere
329 2119 460 2187 interius
481 2120 611 2201 studui,
635 2120 719 2189 haud
745 2117 985 2203 deprehendisse
1004 2137 1056 2184 me

117 2238 260 2319 memini,
284 2237 372 2319 quod
398 2237 563 2303 admirarer
582 2237 692 2321 magis.

127 2424 130 2429 ,
165 2355 379 2438 Reperiuntur
408 2355 500 2420 multi
527 2352 685 2430 literarum
719 2369 879 2435 amantes,
910 2354 967 2436 qui
999 2371 1056 2434 per
1149 2361 1152 2367 '

120 2486 216 2537 totam
241 2471 335 2537 vitam
360 2470 507 2549 antiquos
537 2482 707 2534 tractarunt
725 2485 897 2548 auctores,
927 2484 959 2534 et
979 2489 1057 2534 vero

121 2606 219 2651 unum
243 2589 438 2663 alterumque
467 2583 651 2660 ediderunt,
673 2599 730 2644 nec
750 2596 853 2645 tamen
874 2581 986 2645 imbuti
1008 2582 1061 2644 vi-

122 2704 236 2778 dentur
264 2699 460 2781 antiquitatis
491 2699 618 2776 colore,
658 2690 689 2760 et
721 2695 833 2762 slede
863 2714 896 2759 ea
926 2710 957 2761 et
992 2714 1062 2760 ser--

121 2820 318 2890 urocinantur
350 2834 381 2883 et
412 2815 556 2881 scribunt
588 2815 704 2896 etiam,
736 2827 773 2881 ut
800 2816 903 2880 solent
929 2811 995 2879 fere
1016 2813 1057 2878 de

119 2952 218 3004 aetate
249 2939 325 3003 sui:
360 2934 504 3000 homines
534 2932 619 2997 haud
648 2930 774 3000 inutiles
796 2931 922 3014 quidem
943 2930 993 2996 his
1019 2929 1059 2997 li·

119 3055 220 3135 teris,
264 3054 321 3120 sed
360 3052 452 3117 iidem
482 3070 540 3117 nec
573 3041 678 3115 idonei
707 3049 874 3117 vetustatis
906 3049 1063 3131 interpreq

121 3186 169 3236 tes
189 3189 246 3236 nec
268 3168 369 3234 critici
397 3168 543 3235 dicendi:
568 3167 596 3233 si
624 3167 747 3249 quidem
768 3170 830 3233 hoc
850 3167 977 3232 nomine
1001 3185 1062 3243 eos,
1109 3191 1112 3196 ·

123 3286 349 3368 intelligimus,
373 3286 517 3367 quitum
541 3285 664 3351 demum
688 3283 839 3349 derebus
862 3282 1004 3366 judicant
1026 3293 1058 3345 et

122 3409 243 3490 κρίσει
273 3414 425 3481 utuntur,
454 3401 578 3482 quando
611 3420 661 3468 eas
683 3400 807 3482 penitus
832 3413 862 3462 et
889 3413 1064 3479 perspexe-·

124 3535 198 3586 runt
224 3533 254 3597 et
277 3533 509 3600 persenserunt.
553 3518 632 3584 Non
653 3514 734 3581 enim
753 3513 891 3592 sufficit,
918 3512 1062 3579 lectitas-r

125 3657 159 3703 se
185 3633 382 3701 haecomnia
403 3645 434 3696 et
458 3645 627 3699 tractasse:
658 3630 780 3697 accedat
801 3642 946 3711 oportet,
969 3632 1058 3712 quod

124 3753 208 3825 haud
235 3753 303 3820 scio
329 3770 369 3818 an
395 3748 535 3819 omnium
570 3749 613 3816 sit
646 3747 881 3833 difficillimum,
916 3750 1065 3829 studium³

1002 3878 1058 3926 an-
