2618 4680
555 206 732 296 ‘5⁸³'

181 401 248 453 tum
261 397 445 460 commutat
474 383 663 463 hominem.
695 383 852 448 convertit
878 399 948 448 eum
973 403 991 448 a
1014 371 1113 448 etius·

181 502 310 587 abjectis
332 518 363 567 et
387 500 558 566 humilibus
577 500 616 565 ad
634 499 778 566 sublimia
795 500 918 580 omnia,
942 499 1054 580 efficit,
1074 513 1115 568 ut

181 617 322 683 initietur
348 616 506 699 mysteriis
529 617 670 682 omulum
687 616 851 698 maximis,
872 631 926 697 et,
950 617 1005 699 qui
1024 632 1114 699 mys·

180 736 330 802 seriorum
359 748 407 800 est
430 733 585 815 effoetus,
619 750 732 800 novam
756 735 854 802 veluti
883 733 978 799 vitam
1004 732 1113 818 ingre·

178 853 295 918 dittur.
339 851 425 918 Haec
443 864 515 932 est,
537 867 629 933 quam
647 852 735 918 Plato
754 851 965 934 significavit,
981 848 1116 939 philoso-⁸

176 971 280 1059 pllio,
314 985 470 1055 quamque
493 985 568 1035 rere
594 967 727 1035 voctbtt
752 974 820 1050 riv
840 975 942 1042 datar
961 978 1115 1055 ornara-

179 1091 284 1173 ΦΙιν.
306 1082 339 1128 ‘¹'

223 1203 286 1270 tlte
311 1203 395 1270 dicat
420 1203 504 1269 forte
527 1202 663 1285 aliquis:
686 1216 776 1286 esto,
796 1203 924 1269 aliaest
944 1202 1020 1268 haec
1041 1201 1117 1286 phi-

178 1321 348 1406 losophia,
381 1339 475 1404 quam
503 1339 584 1404 quae
618 1323 717 1404 vulgo
754 1321 882 1388 dicitur.
936 1321 983 1388 Et
1004 1321 1118 1403 placet

178 1437 309 1507 mirifice
340 1440 481 1506 studium
511 1439 590 1505 illud
623 1440 857 1524 cognoscendi,
892 1438 979 1522 quod
1004 1438 1119 1506 mund

178 1555 305 1620 videtur
330 1557 552 1640 philosophiae
569 1558 696 1641 privum
715 1578 786 1624 esse
805 1557 1041 1642 etproprium,
1057 1556 1120 1625 sed

180 1670 349 1755 displicent
367 1673 537 1756 imagines,
567 1676 735 1761 displicent
761 1658 895 1759 mystica
920 1675 993 1743 illa:
1015 1677 1119 1755 suut,'

178 1789 296 1869 credo,
326 1807 475 1874 perquam
505 1791 673 1874 sublimia,
704 1794 760 1859 sod
790 1792 913 1858 inutilla
945 1805 1044 1870 sunt,
1076 1800 1117 1858 ut

144 1995 148 2002 ⁴
178 1908 383 1994 mysticorum
398 1909 562 1976 hominum
582 1911 716 1979 somnia.
749 1909 795 1979 Et
817 1911 864 1978 sic
888 1909 1011 1993 quidem
1031 1907 1118 1972 mula

178 2025 205 2096 ri
236 2027 477 2110 existimarunt,
512 2027 567 2112 qui
598 2029 682 2095 htud
713 2028 940 2112 distinguerent
974 2025 1117 2093 Platonis
1147 2101 1150 2107 ‚

177 2145 410 2230 philosophiam
431 2167 450 2211 a
473 2146 674 2229 philosophia
698 2146 1013 2228 Neoplatonicorum.
1044 2143 1127 2209 llo*

177 2281 248 2326 rum
276 2262 393 2344 scripta
423 2261 587 2343 diligenter
613 2281 687 2327 sane
712 2261 859 2328 omnibus
883 2275 958 2328 sunt
981 2275 1115 2328 tractan-

103 2358 104 2361 Ἴ
179 2378 240 2460 da,
284 2380 340 2462 qui
368 2399 493 2464 operam
534 2399 646 2448 navare
678 2379 817 2446 Platonis
851 2393 882 2445 et
918 2378 1046 2462 scriptis
1081 2394 1118 2446 et

179 2495 304 2583 placitis
331 2498 476 2582 cupiunt.
495 2495 526 2544 (¹)
570 2497 634 2566 Sed
655 2517 774 2565 summa
795 2497 868 2564 huic
888 2497 932 2567 rei
948 2496 1119 2580 prudentia

178 2616 352 2687 adhibenda
378 2630 439 2683 est.
481 2616 564 2685 Nam
590 2618 863 2687 accommodarunt
883 2615 929 2682 illi
952 2617 1114 2684 Platonem

178 2735 218 2801 ad
246 2755 332 2802 suam
353 2735 506 2803 sentiendi
527 2734 746 2819 cogitandique
773 2736 944 2816 rationem,
968 2752 1033 2816 quo
1049 2724 1117 2829 fit'‚.·

180 2864 217 2915 ut
245 2853 300 2931 qui
322 2871 360 2916 ex
382 2853 507 2916 illorum
533 2851 660 2934 seriptis
685 2854 874 2919 Platonicam
898 2851 1024 2933 assequi
1040 2850 1117 2933 phi*
1166 2913 1169 2917 .

117 2942 123 2957 ⁵
177 2965 356 3047 losophiarn
387 2968 537 3048 student,
558 2967 726 3048 nebulam,
747 2985 783 3034 ut
803 2969 910 3055 ajunt,
932 2984 991 3053 pro
1011 2969 1116 3054 Jtmo-

132 3069 136 3073 ’
179 3100 220 3150 ne
246 3084 481 3167 amplectantur.
524 3083 630 3150 Nobis
661 3100 764 3150 autem
790 3085 824 3151 id
849 3096 946 3154 unum
968 3100 1015 3152 est
1038 3101 1117 3170 pro-⁴

179 3199 320 3286 positum
350 3200 383 3271 iu
410 3198 685 3285 disquisitionibus
716 3201 824 3284 hisce,
860 3219 896 3275 ut
921 3202 1113 3274 Platonicam

984 3368 987 3375 .
1055 3323 1117 3400 'rae'

216 3467 257 3538 (ι)
278 3465 392 3520 Phaedr.
411 3467 460 3536 ²39
479 3466 510 3521 Β.
556 3469 604 3536 (al
624 3463 753 3520 Probavil
768 3465 821 3520 hoe
840 3470 941 3538 egregie
960 3470 1112 3519 Creuzorns

180 3557 209 3609 in
226 3577 318 3626 prosp.
338 3565 365 3609 et
382 3565 473 3610 annot.
492 3556 526 3607 ad
542 3556 607 3610 libr.
626 3554 728 3608 Plotini
745 3556 778 3607 de
795 3557 906 3625 pulerit.
917 3577 937 3615 :¹
952 3555 1034 3625 idque
1052 3562 1110 3611 tum

180 3646 295 3696 maxime
320 3647 445 3714 patebit,
475 3646 581 3714 quando
616 3643 733 3697 ediderit
760 3645 803 3700 vir
826 3663 942 3698 summus
968 3642 1110 3696 historiam

175 3722 333 3786 -Platdlicre
356 3731 549 3802 philosophiae
564 3733 760 3788 recentiorem:
786 3736 862 3802 cujus
877 3734 958 3788 nobis
974 3749 1048 3804 spem
1065 3732 1111 3787 im·
1200 3780 1204 3788 .

180 3819 220 3876 cit
237 3819 302 3877 luit.
321 3819 392 3878 Phil.-
410 3829 438 3878 ὀι
454 3823 552 3880 Theol.
571 3823 642 3878 Plat.
660 3822 740 3881 Parta
759 3839 818 3877 rit·-
837 3819 925 3876 Praei.
946 3828 949 3834 '
1112 3827 1115 3834 '
