2618 4680
566 265 761 327 -182-··

199 444 360 512 terendum
378 457 531 532 corporet
554 441 716 507 sectnrdnm
745 442 923 505 nnimnnr.”
943 480 990 497 .-
1013 446 1142 511 Vatici-

201 564 308 642 cipio,
331 562 456 642 inquit,
479 580 563 643 opus
590 575 637 622 est
659 559 769 637 adid,
793 560 878 639 quod
892 559 995 641 dicis,
1021 562 1142 628 intelli·

199 680 356 761 gendum:
379 680 521 759 equiiem
557 696 621 741 non
654 676 809 757 intelligo.
832 713 878 729 --
904 677 1010 742 Dicam
1035 681 1138 761 igitur

150 802 153 806 ’
203 796 340 879 planiuS.
374 803 479 866 Κύννσν
504 801 583 878 γὰρ,
615 797 636 863 ὦ
667 799 840 876 trierem,
863 797 973 870 etiem
991 797 1137 885 ἄνθρωπον

204 919 257 983 καὶ
283 918 365 982 κατὰ
382 918 416 981 τὸ
432 923 519 994 riae
544 917 593 981 ναὶ
622 918 704 981 κατὰ
722 917 775 988 τὴν
802 916 917 994 ψυχὴν
943 915 1138 994 reclinatione

204 1033 237 1099 ἔν
258 1058 314 1098 τινι
343 1035 445 1114 ἡλικίᾳ
471 1036 632 1108 γένωνται,
653 1034 765 1098 τίκτειν
794 1033 931 1111 {retenti
946 1035 1027 1111 ἡμῶν
1044 1036 1136 1116 nnt-

202 1174 261 1222 σις.
317 1146 427 1212 Omnes
453 1149 608 1225 homines,
639 1148 682 1208 mi
693 1157 698 1165 '
712 1146 876 1224 Socrates,
907 1159 974 1208 tam
1006 1148 1137 1225 animo,

201 1286 296 1350 qnam
309 1282 454 1351 corpore,
475 1265 651 1349 concipiunt
670 1277 700 1327 ct
704 1276 917 1348 praegnantes
926 1277 1022 1342 sont;
1036 1284 1139 1347 quum

200 1402 275 1450 vcro
295 1381 340 1446 ad
356 1396 474 1446 certant
498 1377 657 1465 quandam
680 1393 815 1443 aetatem
830 1381 1053 1465 pervenerint,
1069 1396 1136 1465 pa·

199 1522 273 1566 rere
296 1504 391 1584 gestit
423 1514 544 1562 natura
565 1513 685 1562 nostra.
742 1498 850 1562 Parere
871 1511 994 1577 autem,
1014 1494 1078 1561 nisi
1100 1497 1137 1565 in

200 1619 336 1697 pulcro,
357 1633 422 1679 non
442 1615 524 1684 licet.
567 1616 649 1678 Nam
671 1614 797 1694 quando
816 1614 850 1678 id
867 1615 953 1696 quod
969 1613 1137 1704 gravidum
1215 1690 1217 1700 Ι

200 1748 248 1796 est
273 1732 357 1813 turpi
393 1730 647 1814 appropinquat,
676 1731 804 1796 tristitia
828 1747 860 1795 et
879 1731 988 1796 dolote
1009 1746 1137 1796 contra·

167 1834 170 1839 ’
200 1850 309 1930 nitur,
350 1847 500 1913 avertitur
530 1863 625 1929 atque
662 1848 855 1928 involvitur,
886 1866 944 1912 nec
979 1865 1135 1930 generat,

199 1971 256 2035 sed
286 1970 373 2050 quod
393 1967 539 2050 concepit
568 1986 657 2050 aegre
677 1967 827 2048 cohibet3
850 1965 899 2030 sin
918 1984 996 2032 vero
1019 1969 1138 2047 pulcro

198 2090 382 2166 adhaereat,
413 2086 529 2151 laetitia
566 2086 683 2164 gestit,
712 2085 865 2150 hilaritate
904 2096 935 2147 et
967 2085 1138 2175 voluptate

197 2200 384 2263 diffunditur
406 2221 442 2262 ac
464 2201 545 2280 parit
577 2217 607 2261 et
639 2219 773 2281 generat.
822 2203 884 2267 Est
906 2201 1009 2280 enim,
1033 2223 1054 2264 o
1074 2203 1139 2267 So-

195 2327 319 2394 crates,
342 2295 429 2378 amor
462 2334 527 2379 non
554 2317 657 2398 pulcri
687 2337 796 2398 amor,
820 2336 855 2383 ut
882 2331 1050 2400 tepores,
1074 2322 1138 2384 sed

196 2426 404 2514 'generationis
437 2447 468 2501 et
494 2450 601 2515 partus
636 2435 667 2499 in
705 2438 835 2518 pulcro,
871 2437 934 2500 imo
970 2453 1044 2500 vero
1074 2436 1139 2515 im,-

194 2550 423 2630 mortalitatis,
468 2571 561 2631 quam
604 2573 661 2635 per
695 2554 923 2634 generationem
963 2555 1137 2635 consequi,

192 2686 274 2757 nnn.

235 2787 298 2850 Sed
320 2788 464 2868 quamvis
481 2787 523 2850 ita
535 2788 718 2851 sententiam
740 2788 872 2869 explicet
890 2788 1055 2868 Diotime,
1073 2806 1134 2854 no·

190 2901 241 2962 bis
268 2916 369 2964 tamen
393 2903 528 2966 obscura
559 2919 686 2982 manet,
718 2903 780 2966 nisi
807 2906 867 2966 hoc
906 2907 1136 2985 animadverta-

191 3033 280 3092 mus,
302 3021 413 3086 τίκτειν
428 3019 512 3099 apud
537 3017 678 3081 Graecos
692 3067 703 3098 ‚
716 3035 752 3083 nt
773 3019 906 3105 snbinde
931 3024 1022 3087 etiam
1045 3027 1134 3104 apud

188 3126 323 3194 Latinos
348 3147 491 3216 parere,
514 3130 552 3194 de
570 3130 699 3198 feminis·
717 3154 782 3199 non
812 3150 955 3218 tanturn,
980 3143 1035 3205 sed
1056 3141 1132 3204 item

188 3246 227 3312 de
261 3244 337 3310 viris
375 3247 543 3328 usurpari,
577 3265 740 3333 totamque
768 3254 846 3318 hane
881 3251 1134 3338 disputationem

186 3362 226 3426 ad
246 3362 305 3427 viri
331 3378 471 3432 naturam
494 3364 770 3448 conditionemque
801 3368 922 3435 referri.
969 3359 1035 3458 Qni
1061 3395 1134 3440 cor·

186 3498 287 3559 pore,
311 3480 435 3564 inquit;
453 3500 666 3566 conceperunt
684 3505 719 3550 ac
740 3505 945 3570 praegnantes
966 3506 1067 3572 sont,
1090 3495 1132 3558 ad

185 3593 338 3663 foeminas
367 3619 400 3663 se
424 3617 634 3668 convertunt:
659 3622 812 3684 quaerunt
842 3620 948 3670 autem
977 3610 1132 3688 pulcras:

200 3728 257 3776 tarn
289 3735 392 3816 parere
415 3717 447 3783 in
478 3723 590 3800 pulcro
605 3696 776 3809 possunt,
797 3721 830 3786 in
851 3721 937 3803 turpi
960 3742 1024 3788 non
1050 3744 1130 3807 pos-

192 3840 285 3894 runt:
326 3834 355 3897 et'
384 3835 517 3915 gignunt
555 3836 597 3902 ita
624 3837 765 3922 liberos,
796 3853 970 3922 propagant
996 3842 1128 3925 stirpem

344 3940 348 3945 ’
1014 3979 1126 4039 suam,

176 1200 185 1247 i
