2618 4680
323 993 720 1093 Ptltnosonttln
754 990 962 1059 PULCRl

599 1230 702 1277 stvn

521 1453 578 1500 D!
621 1454 797 1504 hunum

824 1778 1126 1845 &Mmstmudffi

824 1880 1132 1903 m

224 2102 363 2210 Aditus
383 2140 422 2204 ad
441 2138 674 2224 philosophiam
701 2139 748 2206 sic
780 2140 888 2209 multis
914 2141 1044 2208 videtur
1064 2143 1131 2211 dif-

108 2306 109 2309 ,
181 2255 275 2343 ficilis
304 2271 335 2322 et
360 2259 537 2339 molestus,
560 2272 597 2326 ut
621 2259 675 2324 vix
702 2279 768 2326 eam
790 2259 945 2342 ingressi,
967 2262 1019 2326 vel
1052 2261 1130 2328 hae·

175 2386 267 2443 'ream
285 2375 419 2444 subinde
438 2374 670 2461 aegerrimeque
687 2370 949 2463 progrediantur,
972 2380 1025 2442 vel
1047 2396 1130 2445 con·

177 2492 270 2561 tinuo
298 2495 432 2563 reditum
467 2511 588 2580 parent.
615 2494 736 2593 *Quod
764 2512 830 2561 non
857 2493 969 2560 mirum
1005 2509 1057 2560 est
1092 2494 1129 2562 in

179 2614 329 2681 hodierna
369 2630 400 2681 et
432 2613 668 2699 disciplinarum
707 2610 857 2678 methodo
905 2624 937 2675 et
977 2609 1128 2694 philoso-

180 2730 271 2812 phiae
289 2731 483 2796 conditione.
529 2726 696 2796 Contineri
724 2728 800 2792 haec
826 2726 1006 2810 praesertim
1034 2728 1129 2796 vide-

178 2858 232 2907 tur
265 2844 511 2927 metaphysici,
552 2863 579 2908 e
600 2843 692 2927 cujus
728 2842 890 2927 principiis
924 2843 1129 2928 explicandae

178 2957 342 3025 maximam
373 2974 492 3042 partem
522 2956 586 3026 sint
612 2958 735 3042 logica,
759 2960 885 3044 ethica,
907 2959 976 3044 ipsa
1006 2960 1128 3043 etiam,

180 3092 260 3160 quae
280 3090 365 3142 nunc
383 3052 536 3158 vocatur,
558 3076 738 3145 aesthetica.
782 3076 995 3145 iustitutionis
1017 3092 1129 3148 autem

179 3172 363 3284 hujusmodi
387 3209 443 3261 est
456 3216 463 3245 τ
474 3170 553 3261 ratio
566 3244 579 3278 ,
593 3196 596 3201 '
611 3211 648 3263 ut
673 3198 828 3282 iuvenes,
861 3194 927 3261 viti·
941 3192 1127 3278 degustatis

177 3334 316 3400 poeseos
341 3330 372 3382 et
394 3314 551 3380 literarum
571 3312 692 3394 initiis,
712 3295 868 3379 continuo
896 3311 936 3378 ad
958 3312 1129 3397 metaphy-

178 3433 274 3500 sicam
301 3431 384 3498 illam
417 3431 488 3497 sive
519 3430 619 3515 ipsam
650 3429 718 3496 sive
748 3433 816 3516 ejus
845 3428 998 3514 principia
1021 3428 1129 3495 addu-

177 3564 307 3631 cantur,
331 3569 410 3632 quae
427 3568 501 3615 sane
523 3548 744 3632 disciplina-ct
771 3563 820 3614 est
845 3563 876 3615 et
904 3548 1034 3614 habetur
1056 3544 1130 3612 dis·

178 3661 362 3744 ciplinarum
387 3667 527 3734 omnium
554 3668 648 3751 longe
680 3667 870 3733 difficillima.
914 3660 1036 3752 Quidni
1062 3662 1128 3748 igi-

180 3791 233 3846 tur
256 3776 490 3863 philosophiam
519 3802 584 3851 rem
614 3783 769 3864 habeant,
802 3779 1009 3862 gratissimam
1036 3778 1126 3849 forte

167 3910 185 3919 ..
204 3910 220 3921 ‚.
238 3890 254 3917 »ι’
1050 3898 1121 3967 aliis
1139 3916 1141 3921 .
