2618 4680
508 219 686 284 *⁸⁸25*-

134 381 229 449 nobis
259 371 350 463 plane
373 376 509 444 Atticam
538 377 766 461 urbanitatem,
799 382 856 447 sed
881 368 1068 450 acerrimum

134 497 167 564 in
188 497 376 579 explorando
396 515 474 560 vero
496 509 527 559 et
547 497 658 578 justo,
680 496 736 561 sed
759 497 885 579 plenum
919 518 1069 566 sensuum

135 613 341 694 sublimium,
374 612 480 678 ethis
511 610 660 677 iubentur
690 613 836 681 sensibus
859 614 1070 698 indulgentem

135 746 166 799 et
187 731 440 812 obsequentem,
462 727 539 810 quid
562 727 712 809 quaeris?
751 729 948 799 Platonicum
983 751 1073 815 pror·

134 868 201 914 sus.
257 848 360 932 Quam
393 846 515 911 insitam
543 845 679 915 indolem
702 863 838 928 mature,
862 868 880 913 a
902 868 1004 931 puero
1024 849 1073 914 in·
1145 843 1150 853 '

133 965 192 1045 de,
230 964 364 1048 legendo
396 965 526 1035 Platone
558 961 664 1028 elicuit
696 977 727 1029 et
756 965 905 1038 excoluit.
959 965 1075 1048 Legis·

135 1079 187 1160 ti,
211 1081 392 1160 Creuzere,
414 1080 579 1162 epistolam
603 1079 712 1159 illam,
736 1100 828 1160 quam
846 1083 885 1146 ad
907 1102 956 1148 me
975 1083 1075 1166 scrip.
1149 1103 1162 1116 ·

134 1195 201 1278 sit,
224 1217 284 1279 qua
305 1215 414 1262 omnes
443 1196 554 1261 dicunt
588 1196 633 1265 nil
668 1216 702 1261 se
734 1196 853 1262 vidisse
883 1198 1073 1278 elegantiust

135 1332 195 1396 ego
215 1313 334 1396 fateor,
357 1314 403 1380 nil
432 1313 510 1381 mihi
540 1314 574 1379 in
602 1313 668 1379 vita
695 1314 813 1397 gratius
843 1313 1076 1398 iucundiusque

136 1431 298 1501 accidisse.
342 1431 426 1495 Nam
447 1443 640 1511 peramanter
661 1430 866 1512 scriptaest,
889 1446 926 1498 ut
941 1431 1079 1500 doctoris

138 1545 293 1626 amicique
324 1543 357 1608 in
390 1564 439 1609 me
472 1543 607 1611 animum
651 1549 909 1628 voluntatemque
945 1547 1079 1632 aperiret

136 1664 240 1746 plane.
283 1662 319 1725 In
346 1663 402 1724 hac
431 1659 527 1740 igitur
544 1661 852 1744 juventutemsuam
881 1664 1075 1748 descripsit,

137 1760 235 1860 quum
268 1777 332 1844 otia
358 1791 511 1861 captans,
541 1778 689 1861 paranni
711 1793 928 1862 tempestatem
950 1781 985 1849 in
1012 1785 1078 1864 syl-

135 1914 191 1960 vas
215 1910 401 1976 montesque
424 1909 628 1974 excurreret,
647 1911 680 1962 et
710 1919 794 1964 nuria
820 1898 921 1965 uiridi
939 1898 1078 1968 membra
1168 1888 1172 1896 ¹

137 2012 193 2081 sub
230 2011 345 2081 arbuto
382 2025 524 2091 stratur,
566 2032 651 2079 nunc
680 2012 726 2078 ud
755 2035 858 2099 aquae
885 2015 956 2081 'lena
986 2030 1084 2102 caput

139 2149 270 2210 sacrae,
310 2123 495 2211 promeret,
526 2145 610 2211 non,
649 2144 684 2194 ut
717 2129 790 2212 illc,
828 2133 942 2203 vetaris
969 2133 1084 2222 pocula

138 2245 292 2325 Massici,
314 2244 371 2309 sed
397 2243 512 2310 librum
543 2244 708 2326 Platonis,
739 2244 773 2311 in
804 2248 937 2331 eiusque
964 2267 998 2314 se
1021 2248 1084 2319 lece

138 2362 257 2433 tionem
280 2362 447 2448 conjiceret
470 2382 505 2429 ac
530 2362 657 2445 penitus
681 2362 868 2432 demitteret.
912 2364 962 2434 Ibi
985 2378 1083 2446 tum,

138 2478 264 2562 inquit,
298 2478 365 2543 fieri
396 2479 537 2557 solebat,
571 2492 627 2557 ut,
662 2479 922 2560 quemadmodum
952 2481 1080 2564 ipsein

139 2597 204 2660 alto
236 2593 385 2672 editoque
411 2592 539 2674 positus
570 2591 603 2658 iu
640 2591 888 2676 circumiacentia
921 2594 1002 2662 iufra
1031 2615 1081 2660 me

140 2714 210 2779 loca
248 2709 348 2778 veluti
384 2727 479 2790 parva
512 2721 544 2776 et
573 2705 703 2774 humilia
739 2706 993 2791 prospiciebam,
1035 2710 1082 2779 sic

140 2828 281 2907 Platonis
316 2826 408 2910 genio
443 2827 594 2908 repletus·
613 2824 724 2907 purior
752 2825 916 2908 leviorque
946 2827 980 2892 in
1009 2848 1082 2896 coe-
1123 2905 1126 2913 ¹

139 2948 233 3015 lestes
266 2946 409 3027 regiones
433 2943 578 3012 sublimis
613 2945 737 3011 evolare
766 2944 899 3012 viderer.
928 2980 977 3001 ι·-
1009 2949 1090 3031 Ego

140 3081 203 3132 una
224 3080 296 3127 cum
316 3061 387 3143 ipso
408 3079 500 3143 saepe
519 3058 667 3142 deinceps
688 3076 718 3125 et
739 3059 860 3141 excurri
883 3081 940 3143 per
957 3076 1081 3131 montes

142 3179 335 3260 sylvasque,
371 3192 401 3245 et
433 3175 583 3242 recubavi
609 3177 743 3246 subinde
771 3177 804 3242 in
838 3179 935 3261 pratis
963 3195 995 3243 et
1015 3173 1080 3244 am·

144 3291 233 3364 nium
261 3293 356 3374 ripis:
389 3284 445 3362 ubi
472 3312 531 3359 nec
566 3292 692 3360 Ilissum
725 3311 782 3362 nec
814 3295 973 3376 platanum
997 3290 1082 3378 illam

144 3407 381 3488 desiderabam,
403 3429 466 3489 quo
489 3409 592 3476 minus
611 3430 680 3476 esse
697 3408 774 3474 mihi
786 3408 906 3477 viderer
924 3409 1082 3478 Phaedrus

145 3525 284 3608 aliquis,
328 3523 383 3605 qui
415 3522 569 3593 Socratem
611 3546 715 3594 meum
756 3523 845 3607 loqui
875 3524 1012 3595 audirem
1041 3529 1082 3597 de

145 3647 259 3729 pulcro
289 3656 321 3711 et
353 3640 504 3722 sublimi,
535 3643 573 3709 de
602 3663 726 3743 armore,
760 3643 800 3706 de
832 3633 944 3710 timoris
968 3647 1081 3736 entbua

148 3760 283 3844 siasmo,
306 3760 350 3851 de
365 3759 537 3844 animorum
558 3759 810 3844 immortalitate:
834 3776 890 3832 uec
915 3762 1005 3852 loqui
1028 3783 1080 3849 εει,
1126 3755 1129 3761 '

578 3875 646 3959 135
1025 3876 1079 3942 da-
