2618 4680
558 225 604 252 u·-
628 195 685 266 161
709 194 766 253 ⁶⁸--¹

188 381 252 464 J'am
273 379 430 460 maianus,
454 394 568 463 sponte
587 369 783 462 intelligitur.
827 382 1129 470 Verumtamesmlle

190 514 328 564 nostram
350 496 548 564 aestheticam
563 517 634 563 cum
654 497 814 564 Platonica
833 500 871 563 de
892 503 1000 581 pulcro
1023 516 1053 566 ct
1072 512 1125 594 ara

189 613 275 679 tibus
305 615 451 680 doctrina*
461 613 711 697 confundamus,
735 615 915 699 diligentius
936 618 1009 683 hoc<
1022 638 1120 702 expos

140 775 143 782 -
189 733 324 797 nendum
342 731 480 799 videtui.
1064 722 1068 731 ¹

206 905 209 909 .
230 849 280 914 De
299 847 419 915 artibus
449 866 479 915 et
500 861 622 917 summo
643 838 724 932 illo,
746 852 833 932 quod
856 851 969 917 imitari
988 851 1124 921 artifices

189 966 298 1048 decet,
320 944 497 1048 praeclaius
513 984 561 1034 est
585 969 858 1039 Ciceronis-locus
876 969 932 1034 illo
958 969 992 1036 in
1012 970 1125 1052 libro,

107 1077 109 1081 ’
190 1101 254 1166 quo
296 1085 469 1168 perfectum
501 1087 696 1154 adumbravit
738 1087 886 1186 ‘Oratoris
930 1091 1120 1170 erenrplumt

190 1239 218 1280 „
240 1181 347 1282 Atque
366 1220 424 1294 ego
445 1202 478 1268 in
498 1221 622 1270 summo
642 1205 775 1269 Oratore
791 1204 1052 1286 lingendotalam
1073 1205 1123 1270 in-

188 1317 348 1409 formabO,
372 1319 473 1400 qualis
503 1320 640 1388 fortasse
674 1340 766 1387 nemo
798 1319 872 1387 fuit.
925 1314 1015 1388 Non·¹
1039 1323 1120 1388 enim

189 1455 326 1518 quaero,
342 1438 421 1518 ¹quis
438 1438 563 1519 fuerit,
584 1440 638 1505 sed
668 1439 745 1519 quid
763 1437 805 1503 sit
829 1439 930 1518 illud,
954 1458 1019 1521 qao
1032 1440 1120 1505 wnihil

188 1565 257 1619 esse
272 1553 376 1635 possit
391 1553 616 1637 praestantius:
640 1557 726 1638 quod
739 1555 773 1622 in
791 1556 996 1640 perpetuitate
1015 1558 1122 1624 dicen·

187 1667 220 1734 di
230 1686 296 1733 non
316 1689 425 1753 saepe,
447 1683 542 1752 atque
564 1671 648 1736 haud
675 1670 742 1737 scio
764 1664 997 1754 enumquam,
1016 1672 1048 1738 in¹
1063 1674 1119 1741 alia

189 1805 250 1868 qua
268 1801 371 1854 autem
387 1802 474 1870 parte
494 1790 596 1854 elucet
626 1788 816 1870 aliquando,
839 1789 919 1853 idem
938 1791 1120 1872 apudalios

186 1905 334 1987 densius,
366 1908 450 1989 ap'ud
469 1907 549 1972 alios
575 1905 711 1971 fortasse
736 1893 849 1972 rariirs.
896 1907 959 1970 Sed
991 1925 1050 1987 ego
1071 1910 1117 1977 sic

186 2037 317 2104 statuo,
340 2023 420 2087 nihil
437 2021 546 2086 essein
564 2024 631 2086 ullo
647 2039 759 2105 genere
776 2037 838 2086 tam
858 2024 1027 2104 pulcrum,
1051 2044 1116 2106 quo

186 2138 411 2223 non'pulcrius
431 2138 541 2218 id-sit,
565 2141 647 2204 unde
674 2127 775 2218 illud,
797 2152 833 2203 ut
852 2158 890 2205 cx
910 2158 964 2204 ore
985 2139 1118 2223 aliquo,
1143 2192 1146 2199 .

183 2258 278 2340 ⁴quasi
296 2256 399 2338 imago
414 2256 626 2340 exprimatur,
650 2257 739 2350 quod
759 2275 863 2338 neque
885 2257 986 2333 oculis
1015 2276 1122 2343 nequo

182 2358 313 2445 [ratribus
338 2394 440 2455 neque
463 2377 535 2438 ‘ullo
568 2393 664 2439 sensu
690 2375 809 2456 percipi
838 2387 968 2454 potesta
990 2376 1120 2456 'cogita-

186 2490 415 2568 tionetantum
445 2503 475 2552 ot
492 2503 596 2553 niente
618 2490 870 2576 complectimur.
914 2491 1023 2571 Itaque
1038 2493 1120 2558 Phi·

123 2628 128 2640 ·
187 2607 255 2673 diae
286 2604 480 2683 simulacris,
512 2603 627 2686 quibus
652 2604 732 2668 nihil
752 2607 784 2668 in
804 2617 844 2668 eo'
864 2622 974 2685 genere
1000 2603 1121 2688 perfec·
1189 2596 1191 2600 ⁴

126 2724 131 2735 '
187 2724 252 2788 tius
273 2720 439 2798 videmus,
467 2747 497 2764 -
520 2720 657 2802 cogitare
675 2735 776 2786 tamon
796 2726 968 2803 possumus
985 2711 1124 2803 pulcrio-

190 2860 234 2906 ra.
278 2841 347 2907 Nec
361 2850 451 2906 *vero
480 2837 532 2903 illa
563 2837 695 2917 artifex,
718 2854 789 2904 com
814 2835 1035 2934 facoretJovis
1055 2837 1125 2904 sor·

163 2978 268 3028 mam
295 2958 564 3049 authineran
587 2951 872 3039 contemplabatur
906 2943 1063 3040 aliquem,
1085 2974 1123 3022 'e

190 3096 255 3161 quo
276 3076 513 3144 similitudinem
536 3076 694 3158 ducerem>
707 3078 764 3142 sa'd
785 3075 885 3158 ipsius
907 3067 940 3142 in
956 3093 1059 3145 menta
1076 3076 1123 3144 in·

189 3195 310 3263 sidebat
328 3194 449 3280 species
466 3192 689 3277 pulcritudinis
710 3193 821 3259 axinria
834 3195 1004 3277 quaedam,
1029 3203 1123 3275 quani
1182 3229 1184 3236 ·

190 3313 340 3391 intuens,
372 3311 405 3375 in
430 3330 529 3392 ¹eaque
546 3308 690 3392 defixus,
712 3312 751 3376 ad
779 3301 864 3375 illius
890 3298 1125 3384 similitudinem

189 3442 286 3496 attam
306 3442 337 3493 at
357 3445 480 3492 manum
504 3419 676 3509 dirigebat
710 3418 875 3510 Utigitur
902 3423 1062 3505 informis
1094 3433 1126 3490 at'

190 3544 302 3630 figuris
322 3559 369 3611 ast
389 3521 509 3626 aliquid
525 3531 700 3626 perfectum
718 3561 748 3609 et
773 3544 949 3622 excellens,
973 3543 1063 3625 cujus
1085 3543 1126 3607 ad-
1213 3539 1241 3595 -’
1302 3553 1304 3556 ’

192 3662 357 3745 cogitatam
389 3660 524 3745 speciem
554 3661 704 3728 imitando
736 3659 914 3750 referuntur
947 3640 1022 3739 ea,
1047 3672 1127 3740 quaa

187 3751 254 3847 'sub
283 3754 394 3849 oeulos
416 3775 485 3866 ipsa
514 3776 648 3847 cadumi
664 3778 720 3844 'sic
746 3763 902 3864 perlectae
933 3761 1128 3861 eloquentiae

195 3921 197 3924 ·
669 3896 700 3964 L
1054 3908 1127 3982 apt*
