2618 4680
577 287 753 346 διν-9η·

203 449 236 513 lo
268 436 358 531 pacto
386 467 499 532 posse:
536 447 749 530 grammaticae
775 445 1040 529 interpretationis
1063 444 1129 512 rim

202 565 403 647 persentirent
439 580 469 629 et
502 565 735 630 necessitatema
768 582 988 647 cognoscerem
1017 565 1131 630 Graan*

200 688 383 754 matieorurn
417 685 516 751 libros
548 703 718 765 eorumque
743 682 964 765 interpretes,
1016 695 1047 743 et
1082 678 1129 743 sie

201 804 278 869 mihi
299 804 367 887 ipse
394 804 484 886 quasi
514 803 752 868 instrumentum
779 819 941 885 pararem,
972 817 1038 881 quo
1063 798 1134 863 Pla

199 921 325 986 tonicos
356 920 433 986 milri
465 920 606 1001 dialogos
642 919 811 1002 aperirem:
842 933 911 983 tum
944 933 1020 982 vero
1046 916 1133 981 hunc

107 1111 112 1120 ,
202 1035 339 1102 fructum
374 1037 445 1103 inde
474 1036 600 1120 percepi
624 1038 718 1117 longe
741 1035 954 1115 uberrimum,
985 1049 1022 1099 ut
1044 1033 1133 1099 facil-

201 1153 275 1220 lime
300 1154 480 1236 inducero,
504 1154 591 1236 quod
620 1154 688 1219 sine
719 1153 800 1218 duce
825 1170 974 1235 perquam
999 1168 1047 1216 est
1070 1149 1132 1216 dii·

201 1272 305 1355 ficile,
327 1273 361 1337 in
385 1272 525 1340 Platonis
548 1272 741 1352 singularem
763 1256 855 1352 plane
881 1267 1046 1334 scribendi
1061 1266 1133 1352 phi·

198 1389 453 1474 losophandique
477 1389 648 1458 rationem:
679 1406 759 1466 quae
786 1399 822 1448 ut
848 1399 917 1448 tota
940 1376 1062 1448 diversa
1085 1397 1134 1450 est

201 1525 220 1570 a
240 1506 448 1570 recentiorum
471 1502 715 1581 consuetudine,
729 1501 772 1564 ita
788 1519 806 1563 a
822 1501 931 1581 paucis
950 1499 1036 1564 omni
1055 1518 1132 1568 aevo

200 1621 261 1687 rite
287 1621 441 1685 intellecta
471 1633 532 1684 est.
576 1618 626 1682 De
651 1616 767 1700 regulis
796 1631 898 1680 autem
926 1615 994 1681 sive
1019 1612 1133 1684 Graiu·

155 1786 156 1790 =
199 1738 327 1805 matices
349 1737 421 1802 'sive
450 1736 530 1801 alius
558 1725 825 1821 cujuslibet'artis
852 1734 897 1801 sie
925 1742 997 1798 eum
1023 1742 1138 1818 postea*

102 1930 106 1938 ,
199 1875 293 1938 saepe
319 1854 426 1920 audivi
453 1855 669 1918 disserentem.
723 1853 869 1935 litigent,
899 1852 1036 1934 inquit,·
1055 1853 1135 1919 istae
1179 1847 1183 1851 ’

193 1971 269 2036 'sine
301 1972 412 2036 artium
440 1971 590 2054 operibus
622 1969 802 2052 palmariis,
834 1989 851 2032 e
880 1969 998 2050 quibus
1023 1969 1136 2034 ductae

197 2102 295 2155 sunt:
328 2089 479 2154 hisvero
509 2086 666 2170 cognitis,
696 2074 848 2170 insignem
878 2084 995 2151 habent
1019 2085 1137 2151 addi-

199 2205 349 2288 ligentius
379 2224 430 2271 eas
458 2205 661 2288 explorandas
686 2205 864 2270 utilitatem.
908 2202 1021 2286 Magni
1040 2194 1137 2286 'equis

162 2330 163 2333 ’
201 2324 270 2388 dem
298 2322 381 2389 facio
410 2322 693 2388 Grammaticorum
718 2319 839 2401 libros,
865 2339 922 2387 nec
947 2320 1022 2386 artis
1048 2338 1136 2386 com·

200 2441 313 2524 pendia
330 2457 531 2522 sperno‚nec
548 2458 625 2504 vero
643 2441 787 2520 regulas,
799 2457 878 2518 quae
893 2439 1038 2518 utrisque
1051 2456 1136 2505 con·

199 2556 361 2635 tinentur;
394 2556 450 2617 sed
475 2558 533 2618 hae
558 2555 727 2636 juvenibus
749 2555 880 2617 maxime
901 2555 1138 2634 cognoscendae

202 2683 277 2733 sunt
307 2687 345 2734 ex
375 2669 517 2752 ipsorum
547 2681 688 2733 veterum
717 2667 865 2732 lectione.
914 2669 1052 2752 Jungere
1080 2688 1136 2736 eos
1212 2642 1213 2646 Ἰ

96 2850 100 2858 ,
200 2799 326 2870 oportet
363 2782 588 2852 Grammatices
620 2784 759 2849 studium
790 2805 862 2850 eum
892 2786 999 2851 studio
1028 2774 1138 2871 poita·

197 2923 290 2986 rum,
312 2902 558 2984 historicorum,
580 2916 763 2983 oratorum,
794 2901 935 2985 ipsarum
953 2905 1066 2971 artium
1088 2906 1137 2971 in·

199 3038 391 3106 genuarum,
416 3039 495 3103 quas
516 3019 664 3085 didicisse
684 3019 819 3086 fideliter

337 3139 453 3204 attollit
474 3158 572 3203 morer
592 3159 647 3202 nec
667 3143 744 3204 sinit
765 3162 826 3206 esse
838 3141 940 3225 seres.
1035 3173 1077 3183 ⁴·
1131 3134 1140 3190 ἶ

200 3253 246 3317 Et
268 3253 328 3318 hoe
356 3254 465 3319 itinere
503 3272 576 3319 sane
600 3275 691 3337 quarn
721 3258 950 3341 jucundissimo
981 3251 1139 3328 faciteam?
1175 3274 1176 3279 ’

201 3370 291 3436 firme
331 3372 568 3452 progredientur
608 3373 648 3438 ad
685 3375 862 3440 interiorem
890 3376 1136 3446 ⁵Grammatices'
1174 3392 1176 3396 '

199 3487 373 3555 scientiam.
393 3529 396 3532 -
418 3488 464 3552 Ita
491 3491 572 3554 enirn
604 3491 737 3576 judicor
762 3494 875 3557 nullus
911 3490 1068 3574 umquam'
1098 3497 1139 3562 in'

200 3606 256 3670 hae
289 3617 355 3668 arte
386 3618 515 3682 magnus
548 3604 669 3671 exstitit
704 3607 776 3689 vir,
812 3607 874 3671 nisi
904 3588 1022 3691 quiin
1052 3595 1137 3696 ipsis

199 3721 327 3805 scriptis
356 3735 496 3818 veterum
516 3719 598 3787 vitae
619 3715 851 3788 tabernaculum
873 3729 994 3810 posuit.
1046 3730 1133 3799 Haec

199 3835 264 3908 illa.
320 3837 533 3907 Scholasticis
548 3841 692 3912 omnmo
715 3840 828 3912 rationi
847 3845 1046 3930 repugnabat·
1064 3859 1133 3919 rota

635 3957 710 4045 A5
1071 3963 1133 4034 viri
