2618 4680
548 344 749 393 -201—

187 504 423 592 philosophicae
441 505 696 589 disquisitionis,
718 504 1039 578 animadversionibus
1060 508 1121 578 cri-

116 608 120 615 *
187 628 283 708 titis,
303 626 433 692 maxime
457 625 495 691 de
512 626 700 692 auctoritate
724 626 915 710 scriptorum
940 628 1118 699 Platonico·

185 764 281 824 rum,
311 741 486 824 dequibus
512 742 607 808 hodie
631 742 762 809 maxime
785 743 984 828 disputatur,
1006 734 1137 833 quaes?

184 864 281 927 tiones
307 860 487 926 Platonicos
518 859 679 931 destinavi.
722 859 806 927 lllud
837 879 913 926 vero
943 859 992 945 egi
1019 881 1113 943 quam

183 977 339 1058 maxime,
371 993 428 1056 ut,
458 977 546 1058 quod
577 977 692 1044 Cicero
720 977 784 1059 ait,
807 1000 846 1042 ea
875 981 939 1067 ipsa
969 977 1114 1045 Platonis

186 1096 273 1180 quast
292 1094 422 1180 quodam
450 1109 555 1161 sancto
580 1109 772 1182 augustoque
783 1093 897 1176 fonte,
920 1110 1029 1160 nostra
1051 1116 1112 1161 otn-

184 1216 232 1278 nis
263 1227 407 1277 manaret
435 1215 536 1277 oratio
557 1210 609 1292 (¹²,
649 1231 707 1294 ac,
736 1212 866 1278 Platone
893 1211 927 1276 in
954 1231 1011 1278 sua
1041 1213 1112 1278 luce

183 1329 309 1413 posito,
340 1343 482 1394 caverent
518 1329 663 1412 deinceps
702 1329 910 1413 philosophi,
954 1348 994 1396 ne
1023 1349 1112 1396 suam

182 1446 365 1514 sententiam
399 1446 523 1513 Platoni
565 1446 790 1530 obtruderent,
820 1465 903 1529 nec,
936 1461 972 1512 ut
1003 1445 1111 1512 verbis

183 1580 252 1631 utar
270 1565 531 1647 Wyttenbac'nii,
553 1565 696 1630 Platonis
716 1568 899 1630 sententiam
918 1563 965 1630 ad
984 1567 1084 1654 inepti
1090 1590 1113 1621 t·

182 1687 289 1749 simam
311 1680 450 1768 qnodque
469 1698 672 1746 commentam
696 1681 916 1766 detorquerent
943 1696 974 1747 et
994 1702 1016 1746 a
1035 1662 1111 1767 gea*-

180 1819 268 1868 tnano
299 1802 368 1864 aeri
391 1800 556 1886 palatique
587 1820 676 1864 sensu
702 1797 748 1863 ad
782 1799 978 1865 scholasticas
1007 1818 1108 1882 nugas

178 1929 400 1981 converterent.
426 1913 456 1955 <¹³
494 1950 541 1969 κ-
581 1915 644 1979 Sed
684 1933 848 1996 pergamus
886 1917 926 1980 ad
968 1913 1111 1997 philoso-

178 2029 278 2117 phiam
291 2029 370 2096 veri.

213 2238 560 2312 (1)Cic.'l'usc.Quaest.
582 2239 616 2293 V.
636 2259 659 2291 e.
680 2259 721 2293 12.
748 2242 789 2312 (π)
808 2241 875 2293 vita
891 2240 1001 2300 Ruhnk.
1018 2242 1104 2310 plia
1142 2276 1147 2285 ·
