2618 4680
626 274 672 328 :-
695 272 753 354 198
776 230 834 324 ·==·'¹

256 458 359 531 dictus
382 457 434 523 sit.
461 460 492 502 (¹)
514 454 612 540 Quod
633 453 730 537 igitur
751 456 783 521 in
805 453 923 522 fabulis
951 451 1094 538 fecerunt
1117 450 1197 547 poss'.

253 598 326 661 tae,
349 579 410 643 hoc
434 572 646 641 dubitabimus
674 590 750 669 num
775 572 807 637 ln
833 571 964 656 dialogis
989 575 1102 643 fecerit
1124 580 1193 646 Pla·
1237 573 1240 579 ⁴

254 696 317 764 ‘toi
338 696 376 760 ln
400 691 557 774 dialogis,
581 689 727 772 inquam,
751 689 807 771 qui
838 691 982 772 quamvis
999 694 1195 766 dramatibus

236 813 394 894 similes,
427 810 490 874 imo
519 808 581 890 ipsi
612 808 749 872 dramata
779 808 937 890 vocandi,
974 809 1113 893 proxime
1143 825 1194 878 ta·

254 950 327 998 men
347 931 385 995 ad
405 924 644 1010 philosophicas
667 923 823 1000 referendi
842 941 917 994 sunt
937 924 1191 1010 disquisitiones,
1282 896 1288 917 x

175 1046 183 1056 ’
253 1048 347 1117 Dicat
364 1045 461 1128 igitur
483 1043 618 1125 quisque
641 1045 724 1127 apud
744 1045 904 1111 Platonem
929 1064 946 1111 e
973 1064 1030 1114 sua
1054 1064 1085 1124 et
1103 1048 1195 1125 indo·

253 1166 285 1231 le
311 1180 341 1230 et
361 1161 502 1229 doctrina
532 1176 562 1226 et
590 1161 763 1226 disserendi
793 1163 934 1243 ratione,
955 1163 1091 1247 exagitet
1115 1168 1193 1235 adeo

209 1261 213 1267 ’
254 1298 285 1348 et
318 1280 506 1365 perstringat
537 1280 704 1358 Socrates,
740 1299 818 1360 quac
848 1300 866 1343 a
891 1281 1031 1347 Phaedro
1054 1298 1084 1348 et
1108 1285 1196 1367 liga·¹

252 1386 351 1467 thone
380 1399 462 1465 dicta
489 1398 633 1466 fuerant:
657 1397 754 1480 spirat
779 1376 881 1464 tamen
911 1397 944 1462 in
966 1399 1112 1466 om'nibus
1137 1421 1195 1466 eos

254 1538 324 1597 ¹rum
350 1517 548 1595 sermonibus
569 1516 680 1600 genius
697 1515 859 1600 Platonis,
883 1517 915 1590 in
942 1517 1005 1586 illis
1034 1538 1110 1592 vero
1133 1540 1194 1602 pos

254 1635 434 1717 tissimum,
469 1654 550 1717 quos
591 1634 735 1700 Socrates
767 1637 916 1725 habuisse
950 1656 1021 1703 curn
1052 1635 1195 1704 Diotima
1227 1700 1230 1705 .

253 1753 380 1821 dicitur.
424 1751 472 1819 lii
503 1769 606 1817 autem
649 1752 692 1817 ita
730 1772 862 1837 prorsus
906 1768 982 1821 sunt
995 1768 1000 1778 '
1015 1753 1194 1838 Platonici,

255 1887 381 1952 tamque
422 1882 565 1934 accurate
605 1871 739 1945 tradunt⁴
761 1871 948 1953 philosophi
976 1873 1014 1937 dt
1048 1870 1125 1947 ideis
1159 1872 1193 1954 ei

252 2007 375 2057 summo
398 1984 619 2070 philosophiae
638 1984 807 2068 proposito
831 1987 1037 2070 sententiam,
1060 2002 1095 2054 ut
1115 1990 1193 2055 does

253 2103 352 2179 trinae
371 2103 548 2170 Platonicae
570 2080 732 2172 universae
763 2118 883 2169 tantum
910 2123 977 2182 non
1006 2107 1217 2213 descriptio-¹

253 2241 325 2296 nem
349 2221 540 2311 contineant.

294 2339 384 2423 Quae
405 2355 476 2400 curn
505 2334 547 2401 ita
576 2333 664 2415 sint,
687 2335 758 2400 fuse
776 2355 837 2402 nos
863 2336 948 2404 hunc
972 2341 1082 2417 locum
1111 2359 1192 2411 trac.

217 2469 225 2485 ·
252 2456 390 2522 ravimus
414 2471 444 2520 ct
474 2453 577 2520 fusius
601 2455 699 2534 adeo,
725 2475 818 2547 quam
839 2456 948 2523 multis
978 2455 1063 2525 forte
1084 2477 1192 2544 aptum

253 2554 308 2649 aut
327 2572 536 2640 necessarium
558 2571 713 2665 uideatur.
758 2573 820 2638 Est
845 2572 925 2638 enim
953 2575 1028 2642 haec
1051 2580 1193 2662 vulgaris

252 2693 415 2758 hominum
437 2690 656 2770 consuetudo,
679 2704 818 2770 ut-quae
848 2688 882 2768 ip
904 2691 1027 2774 placitis
1049 2711 1193 2765 veterum

252 2830 327 2878 suae
348 2807 520 2874 sententiae
546 2825 684 2886 suaeque
711 2807 803 2873 aetati
829 2808 1045 2899 conveniunt,
1067 2814 1195 2883 studio,

248 2910 289 2997 'se
310 2927 497 3009 exquirant:
522 2944 601 3006 quac
632 2929 709 2992 veto
734 2922 903 2991 abhorrent
926 2927 1018 3010 inde,
1047 2933 1096 2997 vel
1120 2932 1194 2999 miti

251 3059 321 3117 tant
348 3046 439 3124 plane
470 3043 521 3106 vel
543 3039 752 3138 negligentius
782 3056 935 3126 tractent,
965 3046 1087 3114 etiarnsi
1114 3050 1192 3117 haee

250 3146 383 3240 corum,
412 3178 492 3240 quae
521 3159 672 3239 laudant,
705 3158 793 3225 initia
815 3174 845 3225 et
866 3164 956 3244 quasi
976 3165 1093 3232 semina
1115 3186 1200 3256 ton·-

250 3279 382 3375 tincant.
416 3276 538 3360 ,ltaque
572 3277 830 3364 metaphysicam‘
848 3280 1011 3363 Platonis,
1053 3257 1195 3352 dialecti·-

249 3416 472 3480 cam,morum
485 3396 679 3478 doctrinam,
702 3395 882 3480 politicam,
908 3400 987 3465 adde
1012 3413 1043 3466 et
1067 3400 1196 3470 theoloa¹

251 3517 333 3600 giam
345 3535 379 3583 ac
390 3514 615 3598 cosmologiahr
643 3528 785 3581 accurate
806 3513 872 3581 fere
893 3515 1019 3583 tradunt
1039 3517 1194 3604 interpre-

243 3613 324 3727 tes,
348 3635 404 3703 scd
426 3632 539 3718 placita
560 3633 598 3707 de
617 3650 743 3714 amore,
765 3647 885 3699 tantum
905 3633 994 3700 abest
1013 3652 1049 3703 ut
1069 3630 1194 3709 semina

244 3734 253 3743 ”
809 3770 812 3775 “
1138 3778 1193 3823 es·.

289 3886 330 3957 (a)
351 3874 387 3945 V}
406 3892 489 3958 suppa
506 3873 537 3955 ps
553 3888 609 3944 ito·
630 3889 673 3942 cf.
687 3885 773 3942 Pohe.
794 3889 865 3943 Bihl.
886 3888 937 3943 Gr.
953 3886 1022 3943 ¹Vol.
1040 3861 1081 3949 li.
1100 3900 1192 3965 μὴ’,
