2618 4680
549 328 745 410 ,ψη

181 515 265 589 atala
287 529 433 599 omnem,
457 516 537 592 quae
560 511 706 578 sensibus
729 506 963 592 gratificaretur.
990 513 1020 556 <¹³
1051 512 1114 580 Sed
1135 486 1138 494 ¹

183 602 402 719 dialogisipsc
432 630 498 694 suis
531 631 675 713 pulcrum
707 629 898 719 expressit,
915 630 1001 719 quod
1032 631 1114 695 idem

183 764 265 814 esset
294 748 438 829 bonum,
473 751 611 830 exempla
640 747 742 830 poetis
772 762 802 811 et
830 747 1008 812 oratoribus
1030 747 1120 812 exhi

182 857 284 950 bens,
307 884 386 953 quae
406 867 444 932 ad
463 865 584 972 generis
605 864 730 936 humani
753 865 888 930 saltitem
905 858 1113 937 imitarentur.

183 968 267 1079 Quo
286 984 383 1085 magis
413 985 506 1056 adeo
509 976 649 1094 pateret,
672 974 879 1065 contemnere'.
889 1001 924 1046 sc
931 969 1113 1065 pulcrum,

183 1100 271 1183 qaod
287 1118 352 1166 non
372 1100 454 1180 idem
476 1108 558 1167 esset
574 1099 710 1166 bonurn
703 1150 714 1182 ‚
724 1087 858 1166 animum
874 1115 976 1169 autem
994 1096 1125 1178 bonum'⁴

95 1202 97 1206 ι
182 1234 300 1330 corpus
322 1203 439 1293 efficere
452 1190 726 1304 pulcerrimum,
734 1206 941 1286 Theaetetum
969 1217 1115 1300 induxit,

181 1338 215 1401 in
252 1337 461 1420 cognomine
472 1337 618 1421 dialogo,
653 1318 747 1439 turpi
759 1338 898 1419 specie,
941 1350 1025 1401 certe
1050 1326 1124 1402 non
1156 1387 1163 1393 .

181 1454 348 1536 formosi,
383 1456 503 1521 sedeo
523 1440 683 1537 ingenio,
706 1474 743 1519 eo
776 1455 867 1520 animi
900 1455 1056 1535 candore,
1080 1457 1116 1526 eh,

182 1569 311 1644 omnino
328 1571 539 1652 amabilitate,
562 1587 598 1639 ut
618 1571 754 1638 nullus
746 1591 778 1638 ιιι
800 1574 866 1666 ejus
888 1572 1014 1666 scriptis
1042 1573 1117 1638 ado·
1146 1584 1147 1590 ’

181 1693 302 1786 lescens
322 1692 416 1756 nobis
438 1680 821 1774 se'comrnendet'magis.
866 1691 931 1776 Qui
952 1706 1026 1773 post
1046 1691 1117 1756 Pia-

181 1821 286 1875 tonem
332 1808 513 1875 exstiterunt
553 1809 761 1892 philosophi,
783 1795 944 1891 praecepta
974 1794 1132 1890 plerique¹

152 1906 372 2002 'tradiderunt
421 1912 481 1992 vel
507 1926 583 2000 artis
619 1929 670 1990 vel
709 1925 1086 2002 doctrinae'ltrac'tandae
1100 1913 1123 2006 ,’

182 2041 270 2122 quod
293 2041 419 2145 minime
448 2059 520 2107 sane
547 2042 684 2158 neglexit
710 2043 819 2123 Plat03
855 2041 1007 2122 sedhic,
1039 2043 1118 2110 scri

180 2157 314 2228 hendo
307 2138 339 2231 ιιι
358 2157 493 2245 primis,
516 2179 610 2249 opera
631 2159 664 2224 in
695 2161 794 2234 lucem
817 2159 937 2240 edidit,
961 2159 1117 2241 equibu's
1179 2151 1182 2158 ’
1227 2203 1229 2208 -

179 2277 242 2361 ipsi
273 2264 436 2361 praecepta
451 2260 639 2381 peteremus.
683 2272 795 2365 Quod
797 2293 833 2341 ut
854 2277 888 2341 in
908 2276 1035 2342 eroticis
1050 2279 1117 2363 ejus
1189 2318 1192 2324 ι

179 2396 305 2478 scriptis
333 2398 396 2478 jam
422 2377 504 2458 satis
532 2393 627 2458 nobis
655 2394 779 2474 patuit,
808 2394 851 2457 ita
882 2395 1017 2474 patebit
1031 2378 1120 2458 deinss

152 2507 273 2583 'dein
301 2511 387 2585 illis,
422 2529 504 2588 quae¹
537 2507 676 2572 studium
705 2508 772 2584 veri
806 2523 837 2572 et
856 2511 922 2574 veri
948 2529 1117 2591 assequen-

181 2627 213 2692 di
244 2640 340 2692 artem
367 2640 522 2710 spectant.
566 2623 673 2688 Totus
707 2624 921 2721 Theaetetus,
954 2642 985 2689 et
1017 2620 1115 2707 tnagis

182 2743 273 2808 ctiam
305 2741 455 2847 sophista
483 2757 513 2807 ct
527 2726 707 2823 politicus,
741 2714 914 2825 exemplum
943 2759 991 2807 cst
1008 2746 1067 2809 dral
1070 2763 1118 2808 ec-

182 2861 261 2928 ricae
280 2857 485 2936 exercendae
477 2861 573 2942 artis,
598 2880 690 2944 quam
714 2861 748 2926 in
762 2860 901 2927 Phaedro
920 2853 991 2926 ante
1011 2865 1118 2928 adtam-

101 3037 103 3041 ,
181 2974 331 3046 hraverat
350 2993 389 3084 ¹et
425 2994 548 3062 postea
569 2979 603 3053 ln
641 2977 756 3077 ΡιιιιῑιΙ
794 2978 1029 3062 diligentissime
1067 2984 1120 3046 de

111 3102 113 3107 ’
182 3087 328 3178 scripsit:
363 3097 555 3164 Theaetetus
584 3117 658 3162 vero
697 3084 893 3181 disciplinam
929 3099 1118 3167 Socraticam

141 3274 144 3281 .
182 3219 376 3300 μιιευιικὶιι,
413 3216 502 3298 quasi
532 3215 565 3280 in
603 3215 701 3298 effigie
731 3216 826 3283 nobis
858 3205 1021 3301 proponit.
1064 3219 1118 3282 Sic

180 3328 269 3395 Plato
283 3348 360 3411 quae
379 3332 430 3398 vei
454 3332 581 3424 ingenio
597 3333 824 3416 excogitaverat
835 3383 846 3416 ‚
859 3337 910 3399 vel
929 3320 1032 3400 animo
1048 3354 1118 3399 sen·

164 3445 299 3537 tiebat,
327 3464 392 3519 non
418 3450 581 3516 sententiis
614 3451 800 3532 quibusdam
831 3467 885 3516 aut
908 3453 1119 3520 ratiocinando

181 3564 212 3640 et
252 3566 519 3648 argumentando,
553 3569 630 3648 sed,
663 3567 778 3650 instari
797 3576 981 3658 poetarum,
1004 3560 1121 3656 fastand
1169 3566 1172 3575 ’

181 3676 346 3767 Praecipue
376 3683 566 3769 scriptorum
586 3675 789 3785 exposuittet
818 3676 983 3770 expressim
1027 3690 1121 3759 Fuis-

189 3795 193 3802 ’
995 3823 998 3836 ·
1085 3830 1140 3876 se·

223 3931 535 4011 mmmmm

612 4024 691 4141 Ἐξ
