2618 4680
483 184 496 211 b

536 317 599 339 ··-·
623 306 689 354 120'
703 317 750 336 ⁸·

187 462 265 528 lium
293 467 490 549 conciperet,
509 469 598 552 juxta
624 469 711 533 ilium
741 467 888 533 accubuit
916 479 947 530 et
976 463 1136 549 concepit

176 581 351 649 ¹Amorem.
374 582 407 629 (θ
448 585 478 651 Ε
516 603 577 664 qua
615 583 718 649 fabula
752 584 839 649 facite
877 584 1022 648 ducimus
1065 584 1134 647 hoc

185 698 369 780 placitum,
412 719 450 764 ex
485 700 653 783 indigentia
691 701 768 764 oriri
803 720 937 765 amorem
976 717 1131 764 omnem:

185 816 350 898 anquirere
379 833 554 896 amantem,
590 836 654 899 quo
676 818 759 882 hunc
784 818 971 902 indigentiae
996 834 1133 881 sensum

186 935 324 1014 expleat:
358 949 480 1016 reperto
504 955 580 1000 vcro
607 935 694 1014 isto,
716 935 825 1000 insitas
851 936 985 1000 virtutes
1015 951 1133 998 omnes

177 1047 363 1129 explicare,
395 1068 547 1134 suamque
581 1052 706 1132 assequi
741 1051 982 1135 perfectionem.
1036 1051 1132 1137 Quae

179 1165 260 1248 quis
284 1168 390 1233 eadem
418 1166 564 1234 facilitate
590 1169 741 1234 intutam
775 1188 878 1233 rerum
911 1185 1057 1233 naturam
1079 1185 1132 1231 ac·

183 1286 375 1351 commodet.
399 1290 429 1343 <u
472 1286 543 1351 Nec
555 1302 704 1368 negamus
724 1333 736 1368 ,
756 1285 938 1369 hujusmodi
964 1285 1046 1365 quid
1062 1285 1130 1350 ani·

189 1420 242 1467 mo
271 1403 454 1490 concepisse
480 1402 675 1476 Diotimam,
706 1404 793 1484 quod
826 1403 894 1486 ejus
934 1421 1039 1466 sermo
1068 1420 1127 1467 nos

186 1521 333 1603 deinceps
351 1521 489 1588 docebit.
529 1519 592 1585 Sed
619 1522 752 1585 multum
782 1517 923 1584 abfuisse
952 1533 1128 1601 putamus,

187 1656 225 1706 ut
252 1639 330 1704 illud
357 1638 398 1704 ita
412 1636 646 1719 perspiceret,
678 1637 721 1707 ita
748 1635 856 1719 paucis
888 1635 993 1703 verbis
1016 1651 1129 1718 posset

186 1755 363 1840 explicare,
397 1770 433 1819 ut
460 1772 520 1818 nos
547 1755 699 1821 solemus.
743 1752 886 1820 sensisse
919 1753 952 1816 id
988 1752 1130 1818 obscure

187 1875 332 1953 videtur,
354 1891 411 1937 nec
442 1885 544 1938 totum
574 1868 607 1934 in
633 1889 768 1936 amorem
798 1887 829 1936 et
855 1884 995 1936 naturam
1026 1873 1131 1952 appii·

185 1993 302 2060 tuisse.
354 1988 493 2056 Omnino
522 1988 609 2070 quod
641 1989 736 2052 modo
767 1989 805 2052 de
825 1987 1001 2052 amantibus
1031 1988 1148 2054 nobisw

186 2108 349 2190 occurrit,
371 2109 454 2174 aiiud
476 2105 553 2188 quid
570 2105 653 2170 velie
677 2105 843 2184 utriusque
859 2105 1016 2183 animum,
1040 2106 1130 2185 quod

187 2224 290 2289 dicere
321 2240 387 2287 non
414 2236 549 2304 potest,
581 2224 668 2290 ἀλλὰ
699 2225 898 2301 μαντεύεσθαι
935 2222 954 2290 i'
978 2226 1130 2303 βεύλεται
1208 2282 1211 2287 .

127 2370 129 2374 ·
187 2344 238 2411 xxi
256 2343 464 2424 αἰνίττεσθᾳι,
485 2336 636 2404 convenit
657 2338 748 2420 piane
766 2352 799 2400 et
825 2337 983 2403 Diotimae
1006 2355 1040 2404 et
1067 2340 1132 2406 toti

185 2455 378 2540 antiquitati.
422 2456 470 2523 Ut
499 2454 634 2538 sculptis
671 2453 856 2538 imaginibus
880 2457 1058 2539 Aegyptii,
1081 2459 1130 2525 sie

186 2575 301 2644 Graeci
327 2573 466 2656 fabulis,
489 2572 668 2658 significare
687 2573 875 2638 studuerunt
903 2589 933 2640 et
954 2576 1044 2654 quasi
1074 2597 1129 2642 va·

186 2693 307 2761 ticinati
327 2710 424 2774 sunt,
466 2710 546 2774 quae
569 2691 743 2772 abstracte,
765 2705 802 2755 ut
832 2693 941 2777 ajunt,
964 2709 995 2757 et
1014 2696 1128 2775 paucis

187 2812 291 2879 verbis
316 2812 489 2892 exprimere
528 2810 667 2873 nondum
697 2822 853 2889 poterant.
897 2810 1015 2874 Pariter
1040 2814 1130 2880 exis-

184 2927 355 2992 timandum
374 2927 413 2990 de
436 2923 662 3005 Aristophanis
683 2923 803 2991 fabula,
847 2927 891 2993 Et
917 2929 991 2993 haec
1020 2934 1130 3014 expri-

186 3041 245 3108 mit
270 3040 455 3121 indigentiae
483 3059 631 3123 sensum,
666 3043 722 3123 qui
743 3044 776 3110 in
792 3064 896 3110 amore
921 3048 1126 3118 dominatura

191 3172 405 3225 verumtamen
427 3173 505 3238 quae
525 3158 597 3224 inde
623 3161 711 3225 duxit
732 3176 763 3227 et
788 3165 877 3245 quasi
897 3165 1004 3230 elicuit
1028 3169 1130 3234 Hem-

130 3260 133 3266 '
184 3276 383 3358 arethusiis,
415 3293 471 3341 nec
499 3276 731 3360 Aristophanes
754 3281 952 3365 perspexisse
977 3281 1128 3368 videtur,

184 3416 242 3464 nec
268 3398 356 3464 Plato
370 3392 548 3478 explicuit:
574 3409 706 3476 uterque
735 3416 810 3461 vero
843 3415 995 3464 naturam
1023 3403 1129 3471 decla·

185 3516 387 3620 rareamoris
406 3512 551 3595 studuit,
573 3510 740 3594 effecitque
759 3515 902 3583 illudhac
924 3517 1030 3585 fabulri
1052 3524 1129 3590 lon.

1084 3659 1127 3721 ge

224 3782 379 3856 'osmi
399 3798 448 3848 205
469 3797 496 3850 B·
551 3792 596 3862 (2)
620 3800 668 3855 nai
688 3799 744 3855 πᾶν
775 3798 808 3852 ri
832 3789 897 3860 &pur
931 3789 1051 3860 ἐφίεταί
1073 3814 1125 3850 rr-

274 3865 308 3927 οὗ
329 3870 389 3938 ε’ςιν
411 3874 511 3943 ἐνδεές.
535 3878 625 3933 Procl·
651 3881 711 3958 περὶ
731 3879 805 3936 iunu-
826 3896 854 3944 p.
876 3870 920 3928 1'21
945 3877 997 3931 Ed.
1018 3881 1138 3938 Crenaee
