2618 4680
557 328 761 394 ηιμ-ι
835 348 838 352 -

181 471 416 572 significantes,
438 492 513 572 qua
527 490 619 558 unice
646 492 821 576 perficitur.
865 482 913 559 ln
928 486 1041 561 avibus
1058 493 1122 560 ob·
1151 520 1156 528 ·

180 608 338 675 servandis
359 609 493 675 hunnna
517 609 677 690 quaeritur
696 609 871 694 cogitatio,
894 609 1119 694 intelligentia,

181 723 386 807 disquisitio,
425 727 535 804 οἴησις,
569 732 652 804 νοὸς,
684 729 799 812 istria,
830 727 912 792 unde
941 733 1121 809 oiovoi'srxii,

182 860 262 923 quae
281 842 374 908 hodie
388 856 520 908 vocatur
537 847 691 924 oleriani.
716 845 748 889 (¹³
788 846 851 911 Sed
865 846 922 910 hac
938 859 1005 913 arte
1020 864 1122 928 quan-

181 971 218 1022 to
241 958 293 1023 illa
319 955 458 1040 nobilior
484 972 580 1025 estet
599 958 726 1024 nomine
744 973 776 1022 et
798 979 852 1042 re,
875 973 965 1025 tanto
982 960 1120 1042 pruden-

180 1072 227 1140 tia
252 1076 387 1140 humaui
410 1074 628 1158 praestabilior
654 1074 744 1141 furor
772 1090 846 1157 est,
882 1076 939 1160 qui
965 1076 1123 1142 divinitus

180 1192 360 1259 excitatur:
389 1193 476 1274 quod
495 1193 557 1276 ipsi
577 1193 682 1258 testati
709 1208 786 1260 sunt
803 1193 949 1276 antiqui,
970 1208 1041 1259 ute
1060 1211 1122 1258 no·

181 1309 320 1375 minibus
359 1308 557 1392 intelligitur.
606 1311 676 1395 Jam
715 1330 791 1377 vero
831 1311 1122 1394 ingravescentibus

182 1425 303 1492 morbis
323 1440 355 1492 et
372 1424 620 1508 calamitatibus,
642 1425 733 1492 furor
759 1445 825 1493 non
850 1428 1003 1494 neminem
1025 1432 1125 1494 occu·

178 1558 255 1626 pat,
267 1557 298 1607 et
310 1589 321 1623 ,
335 1563 400 1623 quo
412 1543 475 1608 illis
485 1560 578 1625 pacto
596 1543 900 1627 liberari'oporteat‚
910 1545 1097 1611 vaticinatus
1108 1593 1124 1626 ,

180 1658 352 1725 remedium
378 1676 486 1724 eorum
511 1659 643 1726 invenit.
688 1659 890 1744 confugiunt
914 1661 960 1725 illi
981 1663 1020 1726 ad
1034 1661 1125 1727 Deo·

180 1795 249 1842 rum
278 1793 385 1858 preces
417 1788 450 1840 et
469 1777 611 1841 cultum:
636 1776 719 1841 unde
751 1774 945 1858 expiationes
970 1775 1126 1873 initiatio·

179 1911 300 1976 tresque
332 1892 521 1974 consecuti,
560 1884 674 1977 integri
707 1893 842 1976 purique
879 1893 1053 1958 redduntur
1081 1894 1127 1959 ad-

179 2030 328 2096 praesens
345 2026 470 2094 tempus
491 2024 522 2078 et
540 2011 706 2092 futurum,
729 2031 786 2093 per
814 2025 933 2077 rectum
962 2011 1045 2075 bunc
1067 2009 1122 2076 fu'-

178 2148 281 2195 rorem
299 2129 509 2210 praesentium
537 2128 688 2191 malorum
713 2125 775 2190 sibi
802 2127 1016 2194 liberationem
1034 2126 1125 2193 inue-

176 2246 314 2322 nientes.
359 2241 489 2307 Tertius
519 2260 537 2306 a
560 2240 667 2306 Musis
695 2257 744 2307 est
771 2239 879 2324 furor,
903 2242 958 2324 qui
979 2234 1123 2310 tenerut'n

176 2348 395 2445 intactumque
422 2357 564 2425 animum
588 2376 767 2441 occupans,
801 2359 915 2426 excitat
937 2379 1008 2425 eum
1027 2364 1125 2427 afflat-

180 2499 243 2562 que
272 2477 417 2544 cantibus
446 2476 598 2558 omnique
623 2474 738 2559 poesi,
759 2491 855 2559 atque
881 2477 1041 2544 innumera
1070 2482 1127 2544 ce'-
1163 2495 1166 2498 ·

179 2597 304 2663 lebrans
341 2594 544 2678 antiquorum
586 2592 746 2675 facinora,
785 2611 932 2679 posteros
967 2595 1121 2682 instituit.

179 2714 383 2802 Quicumque
422 2731 499 2778 vero
534 2711 603 2777 sine
641 2711 808 2778 Musarum
837 2712 944 2778 furore
973 2713 1124 2796 poeticus

181 2831 268 2898 fores
294 2831 381 2910 adit,
403 2829 589 2908 confidens,
615 2841 681 2891 arte
704 2846 740 2892 se
759 2830 889 2908 quadam
908 2829 1031 2913 poetam
1052 2849 1127 2904 esse

179 2943 368 3026 evasurum,
399 2961 456 3009 uec
486 2941 639 3036 votilille
668 2960 800 3026 compos
827 2944 880 3009 fiet
905 2961 937 3010 et
963 2947 1123 3012 evanescit

179 3064 249 3147 ipse
278 3079 351 3124 cum
376 3057 524 3140 prudenti
553 3035 612 3122 sua
640 3058 730 3141 poesi
757 3080 831 3143 prae
858 3062 984 3128 illorum
1008 3066 1122 3147 poesi,

179 3178 237 3264 qui
265 3174 375 3244 divino
406 3172 546 3240 afflantur
578 3174 743 3243 numine.”
765 3177 797 3222 (ὓ
827 3178 872 3245 Et
899 3179 960 3244 hoc
993 3181 1132 3262 quidem-

1052 3318 1130 3367 ora··

212 3478 268 3553 (a)
279 3482 363 3534 Recte
386 3482 425 3533 sic
448 3480 539 3532 locunt
565 3466 684 3533 seruauit
701 3486 729 3532 et
746 3484 877 3550 explicuit
895 3486 1017 3538 Hermias
1034 3483 1118 3536 sebo.

178 3573 226 3624 liis
249 3572 282 3622 acl
306 3572 334 3623 b.
353 3571 373 3624 l.
398 3570 435 3623 V.
456 3571 550 3622 Aetius
574 3570 607 3621 ad
632 3568 660 3620 h.
685 3569 705 3620 l.
769 3575 810 3644 (2)
832 3575 947 3628 Phaedr.
962 3578 1011 3628 242
1029 3574 1059 3624 Β.
1076 3595 1118 3614 -

179 3660 231 3716 245
251 3661 285 3714 Α.
314 3661 358 3713 cf.
377 3661 425 3714 265
451 3660 482 3712 Β.
512 3660 556 3712 Cf.
581 3660 659 3711 Plato
688 3660 754 3713 Ione
780 3669 808 3730 p.
835 3665 887 3717 555
910 3663 942 3715 Ε.
965 3661 1016 3712 654
1036 3660 1069 3709 Α.
1088 3667 1118 3712 et

181 3749 264 3819 Apol.
282 3748 360 3800 Socr.
379 3767 413 3801 22
431 3749 462 3800 B.
492 3749 515 3801 E
539 3750 693 3801 Democriti
720 3750 828 3817 placitis
857 3751 1002 3819 profecisse
1020 3747 1117 3799 Plato·
1226 3746 1231 3755 '

179 3856 261 3906 pem,
280 3834 462 3903 probabiliter
484 3835 674 3900 animaduertit
701 3838 838 3891 Groenius
861 3834 1023 3906 Prosopogr.
1043 3833 1115 3891 Plat.

178 3947 207 4001 p.
228 3929 271 3984 41.
290 3924 411 3995 Platonis
426 3924 459 3978 de
475 3927 552 3996 poesi
568 3928 714 3984 amtentiae
735 3922 809 3981 'baua
832 3926 985 3984 Democriti
1003 3930 1131 4063 apgtpuit.

1063 4022 1117 4064 em.
