2618 4680
558 180 762 243 ..χῃ-

188 360 284 410 seusu
300 341 452 424 acceperit
468 344 558 407 Plato
579 344 847 427 Pythagoreorum
869 348 908 412 de
926 345 1142 431 philosophia

188 459 337 543 effatum,
370 478 439 525 esse
467 459 549 524 illam
578 465 727 526 musicam
756 482 919 528 summam.
965 465 1142 548 Opposuit

187 597 254 644 eam
271 579 391 644 artibus
407 578 615 662 vulgaribus,
637 592 672 642 ut
696 597 713 641 e
736 578 876 644 Socratis
899 597 989 664 patet
1010 581 1046 646 in
1066 602 1140 648 car-

185 717 255 762 cere
276 714 432 762 sermone.
475 697 609 762 Enartat
631 695 694 759 illic
714 696 845 776 amicis,
868 697 993 762 somnio
1016 718 1054 764 se
1082 702 1140 792 ad·

185 814 340 881 monitum
358 811 479 892 fuisse,
502 829 537 876 ut
557 813 693 878 musicae
712 830 838 895 operam
856 828 1006 880 navaret:
1020 815 1139 883 existi-

185 950 286 997 masse
311 945 436 1010 autem,
458 931 607 997 diuinitus
631 951 665 997 se
683 932 827 1012 incitari,
849 948 887 1029 ut
909 935 999 1014 quod
1028 936 1136 1002 adhuc

71 1028 77 1042 ⁸
186 1051 323 1134 egisset,
346 1048 377 1114 id
406 1069 501 1132 porro
523 1060 646 1134 ageret:
667 1049 903 1132 philosophiam
927 1050 1012 1117 enim
1040 1069 1135 1119 sum·

184 1181 266 1233 mam
286 1187 355 1233 esse
375 1167 547 1248 musicam,
569 1167 643 1233 huic
669 1178 773 1234 autern
791 1186 826 1232 se
846 1180 972 1251 semper
987 1171 1134 1237 studuis-

185 1305 239 1368 se3
272 1285 418 1370 deinceps
449 1306 526 1350 vero
555 1285 667 1350 iterum
696 1285 876 1366 iterumque
905 1285 1135 1372 admonitum,

183 1407 307 1472 tandem
327 1405 523 1490 suspicatum
542 1423 611 1470 esse
623 1451 635 1485 ‚
648 1411 702 1483 ria
722 1409 839 1488 δημώδη
864 1408 1032 1487 μουσικὴν,
1053 1406 1137 1497 uuis

179 1542 292 1606 garam
322 1527 506 1589 musicam
531 1524 601 1590 Deo
628 1521 822 1605 significari,
846 1536 978 1604 eamque
994 1524 1137 1592 tractate

181 1638 369 1705 instituisse.
402 1637 434 1681 (¹³
477 1622 649 1723 Vulgarem'
672 1641 762 1706 Plato
789 1639 926 1706 vocabat
950 1641 1131 1726 musicum,

182 1775 262 1837 quae
284 1755 466 1839 Polymniae
493 1775 576 1826 esset
597 1772 684 1823 sacra
713 1770 745 1822 et
775 1758 874 1822 amori
900 1757 1135 1842 gratificaretur

180 1873 327 1956 uulgari,
355 1893 458 1940 veram
478 1888 581 1941 autern
600 1888 632 1940 et
651 1891 824 1954 summum,
848 1894 932 1956 quae
959 1879 1132 1945 coelestum

99 2060 103 2065 ,
179 1993 213 2059 in
238 1993 349 2060 animus
371 2012 508 2060 amorem
518 1995 615 2060 aleret
631 2005 662 2058 et
689 1992 817 2082 Musam
838 2005 1028 2076 sequeretur
1046 1996 1133 2064 Ura·

179 2111 285 2193 niam,
306 2112 331 2178 i.
358 2132 387 2177 e.
410 2111 644 2195 philosophiam
664 2110 780 2192 ipsam.
824 2106 1033 2196 Haeespirat
1050 2114 1132 2182 Mu·

179 2247 214 2292 sa
236 2229 269 2290 in
294 2229 429 2291 dramate
455 2226 617 2307 Platonis,
640 2226 727 2310 quod
754 2226 892 2310 optimae
916 2230 1001 2298 vitae
1025 2231 1131 2301 imita·

100 2408 108 2429 ,
179 2343 226 2409 tio
241 2357 312 2424 est,
325 2332 485 2426 ‘quodque
501 2343 695 2410 verissimam
715 2345 885 2429 appellavit
908 2347 1101 2434 tragoediam
1114 2371 1135 2418 a.

178 2461 277 2547 spirat
293 2461 327 2529 in
345 2461 467 2530 Timaei
483 2460 649 2544 oratioue,
671 2463 797 2547 quando
824 2463 874 2544 is,
897 2464 955 2533 hac
980 2464 1134 2551 ipsa-in·-

178 2585 314 2663 vocati,
344 2567 446 2649 seium
473 2581 603 2666 exponit
634 2580 789 2666 principia
817 2594 849 2646 et
877 2583 990 2648 muudi
1014 2583 1131 2670 opii.

115 2729 116 2733 ¹
179 2719 246 2767 cem
272 2699 425 2769 celebrat:
456 2715 525 2768 tum
550 2720 626 2768 vero
646 2715 678 2766 et
699 2700 798 2784 spirat
825 2699 967 2766 omnium
990 2701 1135 2770 maximas

180 2835 211 2883 et
231 2819 409 2885 dominatur
426 2819 460 2884 in
483 2818 610 2883 sublimi
637 2818 780 2901 hymno,
813 2836 877 2900 quo
902 2832 1042 2886 amorem
1073 2840 1131 2886 eea
1172 2822 1175 2827 '

180 2933 313 2999 lebravit
333 2934 366 2999 in
388 2935 529 3002 Phaedro
548 2936 710 3019 Socrates.
752 2934 839 3000 Haec
863 2946 912 3002 e'st
929 2948 1023 3021 quam
1051 2939 1130 3007 Pras

180 3062 214 3111 to
246 3049 348 3112 coluit
375 3050 504 3132 poisis,
536 3048 615 3116 hanc
640 3049 736 3117 nobis
752 3052 895 3138 'reliquit
915 3055 1130 3140 serlptlatexa
1174 3086 1177 3091 <

178 3183 318 3252 pressam
338 3165 420 3233 suis.

210 3372 257 3447 (1)
278 3370 415 3425 Phaedon.
436 3370 479 3426 ⁶0.
492 3367 531 3426 Ε.
550 3312 577 3422 ei
593 3371 634 3424 61.
653 3371 688 3423 A.
751 3369 755 3378 ‘
