2618 4658
593 307 773 367 μνη-ὴ

159 532 162 543 ,
223 469 255 541 in
270 470 387 534 scholis
398 472 608 553 explicuerat,
630 485 661 533 et
679 469 861 549 recolligere
871 486 966 534 voces
986 482 1017 533 et
1035 474 1153 548 verba,

222 587 339 669 quibus
357 589 480 670 singula
501 589 700 652 illustrasset.
732 587 796 651 Vix
818 586 987 668 quicquam
1006 586 1084 650 mihi
1102 607 1155 651 oc·

219 706 364 771 currebat
376 706 437 770 nisi
456 704 644 784 barbarum,
668 723 733 785 quo
752 723 800 768 res
815 703 917 772 nostri
935 703 1001 768 aevi
1017 706 1154 786 appella·

219 841 298 891 rem.
341 824 467 891 Scilicet
486 840 551 886 non
566 841 674 888 vocem
693 822 744 886 ille
772 836 976 903 usurpaverat
992 820 1153 913 propriam

221 941 384 1020 quamdam
402 954 434 1002 et
454 939 660 1022 peculiarem,
684 941 739 1003 sed
759 953 829 1002 toto
849 939 1000 1004 orationis
1019 939 1152 1023 habitu,

220 1046 443 1138 qui'antiquus
463 1075 546 1136 erat,
570 1060 616 1125 sic
646 1076 709 1121 rem
727 1073 842 1138 novam
865 1058 1093 1140 declaraverat,
1117 1058 1153 1123 ut

218 1173 281 1257 ipsi
296 1175 515 1243 verosimiliter
534 1174 655 1256 antiqui
672 1171 841 1261 fecissent,
870 1174 899 1239 si
916 1175 1079 1241 notionem
1100 1178 1160 1242 ha·'

218 1288 382 1371 buissent,
405 1295 503 1357 verbo
533 1289 718 1355 caruissent.
763 1289 872 1370 Itaque
891 1308 984 1354 nemo
1015 1308 1079 1357 erat
1099 1313 1154 1357 au.

112 1494 114 1503 Ι
218 1406 391 1490 dieutium,
426 1407 585 1490 exceptis,
613 1424 695 1486 quos
725 1404 795 1486 ipse
820 1408 977 1490 vocabat,
1011 1415 1151 1493 duodone

217 1529 269 1592 atui
290 1532 498 1605 ἀπειροκάλως
515 1530 692 1608 ἀνθρώποις,
715 1523 793 1603 quin
813 1522 953 1591 fluctum
973 1543 1096 1608 caperet
1114 1546 1152 1596 ex

217 1641 286 1723 ejus
311 1638 534 1719 institutione,
556 1657 649 1703 nemo
678 1654 781 1705 autern
802 1644 910 1731 plane,
935 1644 1012 1722 quin
1031 1642 1152 1708 audiret
1236 1712 1238 1718 ,

216 1777 288 1823 eum
320 1757 532 1838 perlubenter.
581 1757 733 1840 Lugduni
764 1759 875 1825 habuit
909 1759 1083 1823 orationem
1115 1757 1153 1823 do
1208 1762 1209 1766 ’
1302 1749 1303 1752 '

216 1875 422 1943 odolescentia
439 1875 622 1940 Ruhukcnir'
632 1924 644 1957 ,
667 1880 702 1941 iu
721 1880 894 1966 exemplum
903 1880 1066 1966 proposito
1078 1875 1152 1940 ado·

120 2073 123 2079 .
217 1991 397 2061 loscoouoos
433 1992 565 2059 Batavis
597 1993 749 2068 bonorum
780 1997 950 2060 literarum
983 1993 1150 2073 studiosis,

216 2110 362 2190 unicam,
384 2110 436 2174 cui
464 2111 607 2192 equidem
628 2111 778 2178 interesse
800 2113 905 2194 potui.
950 2113 1022 2197 Qua
1052 2115 1091 2182 ad
1115 2111 1151 2175 fi-

186 2302 188 2306 ·
208 2242 288 2292 ,nem
307 2227 482 2308 perducta,
504 2228 632 2293 domum
652 2229 789 2294 redibam
805 2248 876 2294 curn
905 2228 1011 2292 amicis
1035 2243 1064 2290 et
1084 2228 1151 2293 aliis

215 2341 291 2407 itenr
306 2343 491 2437 juvenibus.
534 2346 613 2411 Erat
629 2360 731 2409 autem
752 2345 784 2409 in
805 2345 841 2408 iis
855 2342 962 2408 nescio
981 2344 1075 2422 quis,
1098 2344 1153 2406 sed

215 2479 273 2533 nec
300 2462 413 2528 ductus
444 2482 501 2529 nec
536 2462 697 2533 doetrinae
725 2461 924 2539 studiosuS,
963 2478 1151 2539 quamquam

215 2576 460 2662 bonushomo,
482 2582 746 2662 saltemapertus.
792 2575 854 2642 Hic
878 2572 982 2640 mirari
1006 2593 1039 2639 se
1069 2573 1152 2638 dice·

215 2700 271 2764 bat
295 2700 382 2783 quod
397 2684 460 2765 *hac
481 2698 550 2780 ipsa
568 2699 645 2764 hora
664 2696 725 2778 ipsi
750 2692 927 2760 accidisset.
970 2693 1052 2756 Nam
1068 2691 1151 2757 forto

214 2830 247 2886 et
266 2833 341 2878 casu
363 2814 449 2886 sein
474 2813 662 2877 auditorium
686 2810 832 2874 venisset
862 2809 944 2873 haud
969 2809 1044 2873 satis
1069 2807 1151 2874 enirn

214 2927 328 2999 Latine
359 2925 459 3006 scire,
501 2940 537 2991 ut
570 2928 682 2994 doctos
713 2927 785 2990 illos
827 2928 913 2992 viros
944 2925 1148 3007 intelligeret:

215 3049 367 3115 mansisse
394 3059 496 3108 tamen
533 3062 589 3125 per
620 3045 697 3110 duas
724 3047 815 3111 horas
843 3045 1010 3111 continuas
1040 3045 1152 3114 immo·

214 3179 282 3227 tum
302 3161 382 3228 fere:
406 3161 597 3237 intellexisse
617 3163 699 3229 enim
715 3165 905 3255 verbotenus
920 3165 1047 3245 omnia,
1073 3186 1151 3247 quae

214 3296 322 3347 orator
338 3279 400 3365 ¹ille
429 3279 572 3346 dixisset.
622 3282 771 3365 Mirum,
806 3283 931 3364 iuquit,
966 3291 1151 3370 negotium!

214 3420 288 3465 aaut
310 3402 446 3466 omnium
466 3401 524 3463 isto
544 3396 736 3466 doctissimus
764 3400 950 3483 dicebatur,
982 3407 1045 3469 iuro
1066 3427 1150 3469 mou·
1198 3400 1199 3404 ’

214 3529 316 3581 strum
337 3515 534 3593 cruditionis.
578 3517 676 3602 Quod
697 3518 834 3585 hominis
857 3520 976 3587 dictum
1002 3533 1061 3584 nos
1083 3539 1150 3582 om·

214 3651 271 3698 nes
291 3635 442 3717 continuo
456 3634 659 3716 advertebat,
682 3636 758 3702 mihi
780 3656 882 3704 autem
903 3658 994 3719 saepe
1014 3637 1046 3707 in
1063 3655 1149 3700 men-

215 3766 280 3819 tem
308 3749 419 3829 redit,¹
434 3753 559 3830 quando
584 3755 634 3819 vel
661 3755 699 3819 de
729 3754 975 3838 Wyttenbachio
1006 3757 1147 3837 loquor,

213 3871 264 3945 vel
281 3870 319 3941 de
332 3887 411 3941 vera
442 3886 472 3942 et
488 3871 661 3946 eruditione
682 3891 712 3940 et
738 3870 927 3973 eloquentia.
1172 3854 1174 3858 ’

1085 3983 1148 4063 Sul
1244 4091 1248 4097 ἱ
