2618 4680
579 267 761 328 enxh-

203 443 822 524 nnlisntisncizs.llandquide1n
848 442 1136 506 &Essehoiellm

201 581 281 645 guae
302 564 394 628 dotes
415 565 507 645 plane
528 562 726 642 singulares,
755 559 907 640 grat’nm,
940 558 1140 622 eondnnina

199 693 286 759 tem,
313 680 507 761 marinum.
557 677 646 762 Quid
672 677 755 741 mim
787 675 954 742 Ciceronis
988 674 1135 757 epistolis

200 796 398 876 eugendus?
419 796 507 880 Quid
536 798 604 879 ejus
632 793 830 860 orationibus
850 795 978 875 meins
998 810 1030 858 et
1049 811 1135 876 mag-

199 910 404 978 nificentius?
439 912 595 994 Epistolis
624 913 689 979 illis
714 913 761 977 nil
794 912 896 977 simile
934 915 1136 995 protulerunt

199 1047 347 1110 umquam
372 1030 498 1096 Literae
526 1031 676 1097 Graeme.
728 1031 793 1095 Sed
812 1030 940 1109 deirae,
966 1027 1139 1094 informe

198 1148 487 1228 commendatione,
520 1150 586 1214 vim
610 1147 809 1227 interiorem,
837 1147 981 1230 copiam,
1012 1146 1140 1211 ubem-

199 1277 276 1329 tem.
320 1265 415 1331 Haud
444 1265 526 1330 inest
555 1266 701 1348 linguae,
734 1264 881 1346 dicebat,
911 1263 1136 1347 philosophus

200 1380 289 1462 quod
312 1400 423 1446 omnes
448 1398 523 1447 sunt
551 1383 695 1465 experti,
724 1384 782 1465 qui
807 1382 921 1450 Latine
949 1382 1141 1448 snrduemnt

200 1496 442 1579 philosophari,
465 1499 553 1578 quod
570 1519 681 1584 reapse
697 1500 812 1584 probat
839 1501 909 1583 ipsa
926 1501 1059 1584 ungu,
1079 1517 1140 1564 no-

201 1629 274 1677 men
297 1613 416 1693 quippe
432 1613 652 1693 philosophiae
669 1617 795 1678 aliunde
813 1633 923 1694 nacta,
941 1616 1072 1700 proprio
1089 1633 1142 1683 αι

200 1744 287 1793 rens.
330 1728 382 1794 Eo
407 1746 484 1799 vero
507 1728 605 1808 magis
634 1728 669 1793 id
693 1729 843 1794 omnibus
871 1731 1053 1812 agendum,
1083 1734 1141 1812 qui

201 1842 235 1909 iu
258 1843 358 1910 literis
384 1843 482 1909 velint
506 1845 674 1927 excellere,
702 1861 739 1912 ut
764 1867 782 1912 a
806 1846 937 1912 Graecis
956 1846 1141 1928 ordiantur,

202 1960 374 2045 inquibus
394 1967 612 2050 φιλοσοφία
641 1979 673 2028 et
692 1964 820 2030 nomine
842 1979 873 2031 et
900 1983 933 2029 re
960 1979 1083 2044 exstat,
1109 1979 1144 2030 et

203 2095 364 2163 praeparat
391 2080 513 2147 animos
537 2081 577 2146 ad
597 2079 779 2146 Latinarum
802 2081 942 2146 studium
960 2082 1164 2161 literarum,-

204 2194 270 2265 iuio
289 2196 328 2261 ad
353 2197 453 2260 nullas
480 2215 546 2261 non
571 2211 652 2262 artes
678 2209 710 2262 et
731 2196 889 2262 doctrinas
910 2211 942 2261 et
959 2195 1050 2262 facile
1069 2216 1144 2278 per·

203 2300 362 2395 cipiendas
394 2327 426 2377 et
450 2329 575 2378 strenue
596 2314 824 2396 provehendas.
869 2313 956 2381 Haec
993 2313 1145 2394 wytten-

204 2429 355 2501 bachius:
380 2428 434 2512 qui
455 2446 529 2496 sane
559 2430 646 2512 quud
673 2430 743 2497 aliis
761 2429 992 2514 praecipiebat,
1015 2427 1084 2510 ipse
1111 2442 1144 2493 et

206 2564 333 2617 secutus
351 2546 451 2615 luent
472 2561 503 2613 et
525 2546 714 2631 sequebatur
733 2561 924 2615 constanter.
968 2546 1052 2613 Nam
1071 2564 1146 2630 cap«

207 2680 261 2734 tus
286 2687 304 2735 a
325 2685 424 2751 puero
451 2667 508 2733 hac
533 2667 657 2751 linguae
685 2667 823 2734 Graecae
843 2680 874 2731 et
898 2664 1088 2731 Graecarum
1108 2663 1149 2729 li-

208 2797 342 2849 terarum
369 2785 509 2848 ubertate
526 2799 558 2848 et
582 2783 753 2863 elegantia,
776 2782 830 2845 diu
847 2780 880 2844 in
898 2781 985 2846 hisce
1004 2796 1149 2847 versatus

210 2909 258 2963 est
288 2910 319 2959 et
340 2896 493 2961 habitavit
514 2897 627 2977 plane,
649 2910 834 2976 anteaquam
857 2895 897 2960 ad
921 2896 1148 2978 Latinas-pro-

210 3008 401 3095 premeretur.
453 3009 538 3077 Tum
571 3030 648 3078 vero
680 3011 714 3077 in
747 3012 898 3096 Nepote,
929 3014 963 3079 in
993 3014 1149 3081 Cicerone

211 3124 348 3196 Atticam
365 3125 598 3209 deprehendens
613 3127 741 3210 gratiam
764 3144 795 3195 et
817 3130 882 3196 vim
903 3131 1150 3215 philosopham,

213 3242 279 3328 pati
304 3257 453 3326 utrasque
473 3261 576 3310 amore
600 3248 760 3328 amplexus
777 3261 836 3312 est.
887 3247 957 3313 Nec
979 3248 1150 3331 quidquam

212 3359 323 3429 habuit
346 3379 402 3445 pet
424 3374 522 3429 totam
542 3360 638 3431 vitam
664 3363 845 3446 antiquius,
878 3385 972 3446 quani
1004 3381 1041 3432 ut
1067 3367 1153 3431 cole·

125 3470 129 3479 ’
216 3491 263 3547 ret
281 3478 370 3562 illas,
392 3478 534 3562 aliosque
561 3480 602 3546 ad
625 3498 676 3548 eas
702 3481 848 3547 colendas
877 3483 1024 3550 excitaret
1044 3495 1075 3546 et
1096 3479 1151 3542 ad·

216 3592 355 3675 duceret.
409 3597 472 3667 Sed
497 3611 533 3664 ut
554 3616 684 3682 eaquae
714 3599 808 3666 nobis
842 3601 989 3683 placent,
1019 3593 1156 3675 diligen-

216 3709 281 3779 tius
301 3711 438 3780 solenus
460 3715 638 3797 attendere,
661 3730 692 3782 et
717 3716 746 3782 si
769 3716 847 3799 quid
865 3713 969 3791 adsit,
991 3709 1080 3792 quod
1098 3712 1153 3777 vel

218 3825 402 3915 duplicent,
423 3832 474 3899 vel
493 3850 559 3905 non
576 3835 667 3919 plane
684 3833 836 3907 continuo
857 3841 980 3916 pateat,
1008 3826 1042 3895 id
1064 3845 1154 3914 pate·

1103 3942 1150 4014 fa·
