2618 4680
564 324 613 348 ι-
634 296 765 371 10⁶·-

237 477 337 562 Quod
367 495 442 541 vero
473 478 587 543 maltam
612 476 779 557 irrepserat
802 477 843 543 ita
872 491 984 559 sponte
1005 478 1037 543 in
1070 480 1134 555 lun

192 594 312 660 minum
338 594 540 672 societatem,
570 591 735 674 metatque
756 585 970 663 confirmatum
991 597 1133 677 popular

193 711 421 794 risreligionis
450 710 634 775 auctoritate
661 724 692 775 et
717 731 850 794 poeseos
882 713 1133 779 commendatio»

125 901 128 908 ,
194 848 254 907 ne,
287 845 407 893 tuntum
434 827 559 909 abibit,
588 844 626 893 ut
647 829 886 912 aphilosophii
906 830 1021 913 pariter
1053 851 1133 913 pru,

192 960 356 1027 pagarctur
382 945 450 1010 siue
469 946 573 1012 etiam·
588 947 743 1026 ferretur,
768 962 803 1013 ut
830 950 905 1013 haec
929 945 1006 1014 illud
1028 949 1131 1013 maxi-

191 1081 241 1126 me
273 1065 490 1145 expellendum
529 1065 757 1144 delendumque
793 1064 826 1128 in
861 1084 896 1128 se
935 1065 1128 1146 susciperet.

190 1181 338 1263 Suscepit
362 1199 464 1245 autem
495 1201 533 1246 eo
557 1183 675 1260 modu,
698 1181 754 1264 qui
780 1195 812 1246 et
838 1182 936 1264 ipsam
954 1183 1079 1249 deceret
1097 1200 1130 1251 et

190 1298 329 1366 huminis
361 1299 544 1365 conveniret
563 1314 701 1363 naturae.
746 1300 828 1365 Nam
858 1300 1028 1380 exstirpare
1061 1319 1129 1373 nun
1211 1336 1213 1343 ·

191 1417 313 1481 studuit
342 1417 373 1482 in
401 1418 567 1484 hominum-
584 1417 695 1483 auimis
718 1436 876 1483 amorem:
901 1418 988 1498 quod
1007 1415 1141 1486 frustra

190 1547 341 1596 tentasset
361 1552 391 1598 et
410 1536 547 1615 pessimo
569 1552 704 1618 eventu3
739 1535 796 1601 sed
826 1535 980 1601 convertit
1014 1555 1089 1601 eum
1112 1558 1132 1604 a

189 1648 283 1712 rebus
303 1650 448 1730 turpibus
471 1667 501 1714 et
522 1652 652 1735 abjectis
674 1654 713 1717 ad
733 1655 861 1733 pulcra,
889 1653 1042 1734 honesta,
1073 1656 1132 1728 ἀοι
1155 1635 1159 1650 ’

188 1784 272 1829 cora.
317 1765 415 1850 Quod
442 1766 532 1831 nisus
564 1783 612 1831 est
641 1772 762 1832 summa
789 1787 850 1849 ope
875 1771 1044 1850 Socrates,
1070 1773 1131 1853 qui

187 1883 245 1948 bac
266 1900 328 1948 una
348 1883 381 1947 in
402 1903 435 1949 re
454 1884 517 1948 sibi
535 1885 665 1950 maxime
685 1884 809 1948 videtur
829 1885 996 1983 placuisse.
1020 1894 1131 1963 'Am

187 2005 341 2083 ιοοοολὲγω
364 2006 456 2082 δήπου
476 2005 542 2078 tiri,
574 2002 618 2072 ὅτι
645 2007 706 2082 ἔγω
729 2007 896 2088 τυγχάνω,
921 2010 958 2079 ὡς
988 2006 1060 2081 ἔπος
1078 2011 1131 2080 „u”-

186 2147 272 2193 atua‚
305 2125 384 2187 οὐδὲν
415 2124 594 2199 {resolutam
625 2125 703 2195 arula
725 2128 847 2203 σμικροῦ
869 2146 908 2199 γε
930 2147 1005 2195 τινος
1028 2130 1130 2204 padri,-

185 2249 302 2304 μοιοος,
334 2233 405 2291 τῶν
435 2229 638 2304 ἐρωτικῶν.
681 2233 778 2293 Τοῦτο
808 2230 908 2306 μέντοι
938 2233 972 2294 τὸ
993 2233 1131 2315 μάθημα

117 2358 119 2362 ’
185 2343 256 2420 arap'
288 2338 413 2411 dictatur
445 2348 585 2422 οοιοῦμοοι
616 2346 704 2417 δεῖνος
726 2341 800 2411 tium
822 2347 872 2413 tuti
895 2352 951 2412 raia
974 2372 1132 2433 ποογεγο·
1184 2408 1187 2414 .

185 2459 272 2524 νότοι
293 2461 447 2539 ἀνθρώπων
469 2460 519 2525 atati
542 2467 597 2534 τῶν
620 2466 679 2527 νῦν.
703 2456 734 2500 (¹)
774 2460 838 2524 Sed
874 2460 935 2523 hoc
964 2464 1128 2546 μοὶθιιμοο,

184 2571 276 2650 quale
305 2586 409 2653 esset,
441 2590 498 2639 nec
522 2571 591 2656 ipse
628 2574 752 2641 videtur
796 2591 937 2641 accurate
975 2565 1145 2658 tradidisfx
1206 2622 1208 2625 v

183 2709 218 2754 ae
246 2705 277 2755 et
316 2709 376 2757 nos
410 2690 645 2774 ignoraremus,
687 2692 750 2760 nisi
793 2693 992 2776 exposuisset
1024 2682 1129 2775 nobis

181 2808 270 2873 Plato
310 2827 383 2872 cum
429 2809 462 2870 in
508 2808 698 2886 Convivis,
740 2823 807 2872 tum
850 2809 882 2871 in
918 2809 978 2873 hoc
1020 2811 1126 2901 ipso,

181 2941 275 3001 quem
292 2920 525 3001 percurrimus,
549 2922 686 3001 dialog0.
732 2923 815 2987 Nam
834 2926 956 2990 Socrati
975 2928 1126 3003 tribuens

181 3055 261 3116 quae
286 3036 355 3118 ipse
380 3037 553 3116 sentiebat,
586 3038 706 3103 inducit
736 3059 805 3104 eum
829 3061 925 3122 porro
960 3045 1006 3110 sic
1031 3051 1127 3115 cele.

180 3153 321 3218 brantem
351 3171 486 3222 amorem
512 3155 703 3250 honestum,
727 3172 762 3221 ut
791 3173 913 3242 turpem
936 3165 1126 3248 culpaverat

178 3289 262 3337 ante.
307 3272 402 3337 Hunc
433 3291 508 3336 vero
531 3249 751 3356 Platonicum,
781 3297 955 3343 sermonem
985 3281 1121 3352 dicam?

177 3408 216 3455 tn
243 3391 418 3474 hymnum,
450 3403 486 3454 ut
519 3390 727 3472 percipiamus
753 3395 903 3477 penitus,
934 3412 1123 3483 tantamque

177 3509 379 3594 assequamur
409 3507 653 3592 sublimitatem,
676 3515 850 3595 praeparari
876 3490 938 3582 nos
961 3519 1121 3598 quodam·

1038 3655 1119 3720 ¹nro·

213 3807 253 3875 (ο)
274 3804 379 3874 Tbeage
409 3813 468 3880 ηδ.
498 3812 528 3863 Β.
558 3796 692 3865 Similiter
720 3802 947 3881 syinp.177.1).
978 3814 1007 3881 ὃς
1031 3819 1116 3882 οὖςέν

177 3901 252 3976 Φημὶ
275 3901 355 3981 libila
380 3903 569 3972 tritutari
593 3914 633 3974 ‘rit
651 3909 782 3980 e’puartttat'·
803 3907 845 3957 Ct'.
868 3908 917 3979 193
936 3906 969 3985 E.
1056 3976 1062 3992 Ι
