2618 4680
629 241 802 318 ..3⁶-

248 416 291 484 tis
321 417 473 498 ductum,
506 413 645 483 crebrius
671 413 737 480 fere
767 434 803 481 ac
827 414 946 482 diutius
976 415 1008 480 in
1037 420 1183 482 museum

248 553 284 599 se
303 552 396 598 suum
426 546 457 596 et
479 532 642 614 antiquum
672 531 780 598 orbem
807 530 987 612 recepisse,
1009 548 1102 611 quam
1130 514 1182 597 aess

247 665 373 733 ceptum
395 663 477 713 esset
499 647 666 728 omnibus,
698 647 754 730 qui
775 618 928 731 ejui'irui
951 647 1179 713 consuetudine

246 780 278 834 et
298 764 496 831 sermonibus
526 779 688 847 cuperent.
732 762 846 830 Fateor
874 763 970 845 item,
994 762 1113 829 sactum
1132 765 1180 830 sic

245 883 365 964 rideri,
387 896 424 948 ut
443 863 612 947 hodiernos
632 896 664 946 et
682 897 786 948 mores
807 893 839 944 et
869 880 1015 977 homines
1032 898 1105 946 cum
1125 897 1180 944 ana

245 1000 345 1082 tiquis
370 999 435 1064 fere
458 1017 670 1082 comparans,
702 1014 791 1079 aegre
811 995 884 1061 iilos
916 995 1051 1064 subinde
1073 995 1181 1062 tulerit

245 1133 277 1183 et
300 1117 440 1182 severius
463 1133 697 1196 nonnumquam
715 1112 914 1199 judicaverit.
963 1114 1070 1181 Homo
1093 1129 1180 1196 erat,

247 1254 339 1316 quem
361 1234 493 1299 amicum
527 1231 705 1312 coluimus,
739 1231 919 1312 Creuzere,
950 1249 1016 1297 non
1042 1232 1180 1315 perfecta

244 1366 364 1417 natura.
419 1349 518 1437 Quod
549 1363 651 1413 autem
682 1347 832 1430 antiquos
857 1349 1058 1432 loquuntur,
1094 1365 1177 1430 quos

245 1467 358 1533 imitari
380 1464 540 1532 debuisset
568 1464 855 1548 wyttenbachius,
877 1463 1016 1531 imitatus
1045 1476 1094 1530 est
1119 1458 1180 1532 Ciss

246 1603 389 1649 teronem
425 1601 541 1664 suum,
574 1582 630 1662 qui
662 1584 748 1648 nulla
780 1599 847 1647 non
875 1583 1112 1666 opportunitate
1134 1570 1181 1647 'itt'

245 1701 406 1768 Graeciam
443 1699 624 1763 excurrebat
653 1712 684 1762 et
716 1698 824 1764 vivere
850 1697 913 1763 sibi
945 1699 1076 1763 maxime
1110 1715 1181 1764 tum

245 1820 431 1898 videbatur,
464 1819 588 1899 quando
617 1814 751 1881 maxime
776 1834 811 1880 se
835 1815 1047 1880 transtulisset
1065 1815 1098 1880 in
1118 1815 1180 1880 So·

244 1939 345 2032 cratis·
368 1952 399 2002 et
420 1931 560 2004 Platonis
582 1949 738 2015 tempora.
783 1933 846 1999 Sed
864 1932 1006 2014 quamvis
1028 1930 1180 2016 Wyttenss
1271 1986 1277 1997 .

244 2056 373 2122 bachius
405 2074 471 2122 non
488 2049 521 2119 is
551 2071 634 2117 esset
662 2050 729 2118 sive
756 2055 868 2117 natura
900 2050 970 2115 sive
993 2049 1077 2117 vitae
1102 2039 1179 2115 conss

244 2174 433 2252 suetudine,
456 2186 492 2235 ut
512 2170 624 2236 lubens
649 2169 681 2232 in
702 2166 829 2234 circulis
853 2182 884 2232 et
908 2167 1064 2234 conviviis
1083 2170 1177 2233 horas

188 2335 190 2339 2
243 2309 316 2355 suas
344 2286 550 2369 transigeret,
578 2284 633 2350 sed
654 2286 758 2352 mallet
781 2287 832 2352 vel
862 2284 948 2350 domi
970 2287 1020 2350 vel
1040 2284 1104 2350 ruri
1123 2285 1180 2349 de-·

240 2421 369 2488 'gustare
394 2403 515 2486 antiqui
541 2405 723 2468 suavitatem
749 2403 841 2484 aevi3
870 2402 953 2469 haud
981 2415 1084 2466 tamen
1113 2400 1176 2466 sibi

244 2522 370 2589 vivebat
400 2521 472 2588 soli.
518 2519 695 2604 Hospites,
724 2519 900 2600 confiteor,
922 2535 987 2588 non
1015 2536 1124 2584 omnes
1146 2519 1176 2584 ei

246 2640 324 2724 grati
346 2656 431 2706 erant
460 2655 491 2706 et
515 2638 654 2722 accepti:
677 2656 776 2705 vanos
799 2634 942 2702 homines
970 2651 1002 2703 et
1025 2640 1177 2703 ventosus

245 2758 363 2839 quique
382 2761 439 2824 hac
461 2763 524 2823 und
545 2760 583 2823 de
603 2777 712 2822 caussa
729 2755 893 2836 venirent,
906 2770 943 2821 ut
964 2755 1025 2838 ipsi
1046 2757 1176 2822 demon·

241 2889 395 2952 strarent,
419 2872 528 2951 quanti
557 2872 679 2962 scilicet
706 2887 810 2937 essent
836 2869 920 2952 riri,
955 2873 1014 2937 hos
1041 2873 1082 2938 ita
1110 2890 1176 2936 non

241 3002 364 3072 poterat
384 2985 490 3067 ferre,
512 3001 644 3067 utens,
668 2986 695 3051 si
713 2985 872 3069 licuisset,
896 2974 1023 3055 aedibus
1042 2988 1109 3054 suis
1120 3006 1175 3052 ea·

240 3103 388 3169 clusisset
415 3104 448 3167 in
477 3109 676 3186 perpetuum.
728 3103 792 3170 Sed
815 3088 977 3190 quotquot
1002 3097 1177 3189 cum'judi-

240 3220 290 3288 cio
317 3236 348 3287 et
372 3239 474 3285 rerum
503 3219 631 3285 scientia
657 3222 838 3287 modestiam
869 3221 1016 3288 afferrent
1049 3208 1081 3289 et
1115 3222 1176 3288 hu·

241 3341 444 3419 manitatem,
476 3337 535 3402 hos
567 3336 635 3418 ipse
673 3352 708 3403 et<
734 3339 966 3420 perhumaniter
1001 3340 1175 3424 excipiebat

241 3471 272 3520 ct
293 3459 399 3540 juvare
420 3454 505 3519 omni
530 3453 704 3522 officiorum
727 3473 836 3539 genere
855 3458 1017 3524 studebat·
1041 3459 1174 3524 Amicos

239 3570 350 3636 habuit
372 3589 510 3654 paucos:
544 3571 608 3638 nisi
637 3573 708 3654 quis
733 3573 794 3638 hoc
814 3576 942 3639 nomine
962 3575 1044 3638 dieat
1070 3569 1174 3635 fautoe
1266 3596 1270 3605 ·

237 3704 312 3768 res,
334 3688 559 3771 admiratores,
582 3695 739 3773 cultores,
759 3693 811 3757 vel
842 3691 931 3757 etiam
960 3677 1174 3771 quibus'ipse

236 3805 325 3889 bene
344 3807 437 3874 vellet
458 3823 489 3874 et
510 3810 660 3893 prodesse
681 3809 840 3878 studeret:
862 3788 934 3870 bos'
951 3801 1094 3869 babebatw
1113 3790 1174 3887 per

273 3940 276 3946 ’
1011 3979 1014 3988 .
1122 3937 1171 3988 to-
