2618 4680
542 293 743 355 „2168-

178 488 216 538 ει
253 469 303 533 his
335 483 438 538 autern
466 491 530 552 quo
558 471 654 555 magis
684 474 904 555 interrogando
937 477 1034 544 elicit
1069 479 1131 544 80¹

178 598 305 664 crates,
339 605 418 666 quae
444 587 483 650 iis
514 587 624 653 insunt
654 595 788 668 natura,
811 609 849 654 eo
871 589 939 666 fere
957 592 1052 659 intus
1074 616 1133 687 apa

177 715 286 784 parem
303 703 494 785 pulcriores:
518 705 606 784 quod
623 705 723 769 rubor
744 706 881 772 subinde
912 710 1045 801 prodit,
1070 732 1133 798 pu,

178 819 265 883 doris
296 819 501 902 generosique
522 820 616 884 animi
641 820 803 898 indicium.
852 826 1027 893 Sermones
1053 840 1132 907 sune

180 934 219 1000 dc
236 938 370 1018 pulcro,
391 937 430 1011 de
451 956 578 1022 amore,
599 940 656 1002 sed
672 939 807 1005 maxime
831 942 873 1007 de
893 946 1132 1036 temperantia,

177 1052 321 1147 justitia,
350 1050 557 1137 fortitudine,
585 1054 763 1139 sapientia,
795 1059 859 1142 ipsi
889 1052 1038 1139 amatorii
1062 1083 1131 1142 ser.

180 1188 292 1235 mones
315 1171 355 1235 ad
377 1172 611 1256 temperantiam
640 1175 761 1239 ducunt
781 1191 813 1240 et
842 1179 950 1270 nullas
972 1197 1040 1252 non
1065 1181 1132 1255 vlr-

178 1291 276 1357 tut'es.
318 1275 443 1376 Quodsi
471 1274 643 1356 occurrunt
667 1291 824 1391 subinde,
864 1314 949 1377 quae
975 1297 1130 1370 lascivius

181 1405 346 1473 videantur
365 1406 447 1474 dicta
468 1408 625 1497 nobisque
656 1409 865 1494 displiceant:
890 1429 1072 1500 temporum
1094 1413 1129 1490 id

174 1522 293 1590 :rationl
313 1538 346 1589 et
379 1529 543 1606 poetarum
577 1525 747 1608 exemplis,
768 1545 834 1590 non
863 1516 1032 1610 scriptoris
1055 1546 1133 1612 pro·

177 1640 292 1727 posito
323 1641 521 1707 tribuendum
547 1658 606 1708 est.
651 1642 789 1710 Exstant
823 1642 877 1709 illa
914 1643 949 1709 in
985 1646 1132 1713 Phaedro

182 1757 337 1839 maxime,
361 1757 494 1824 subinde
514 1760 605 1824 etiam
625 1759 658 1822 in
674 1760 866 1843 Symposio:
891 1742 1038 1842 uterque.
1054 1781 1131 1830 vero¹

184 1873 327 1956 dialogus
360 1894 399 1940 co
416 1876 551 1970 maxime
573 1876 708 1941 consilio
731 1878 870 1961 scriptus
890 1892 964 1971 cst,
986 1895 1024 1953 ut
1043 1897 1132 1944 amm

182 1992 210 2058 ri
238 1993 360 2075 vulgar-i
380 1993 518 2061 Uranius
540 2012 752 2078 opponeretur
770 2015 881 2076 amor,
904 1984 961 2076 qui
981 1996 1132 2091 proxime

184 2128 232 2181 est
251 2129 322 2175 cum
339 2110 456 2177 virtute
483 2128 514 2176 et
531 2115 643 2192 pulcro
657 2112 764 2176 morali
789 2114 979 2198 conjunctus
1002 2129 1034 2177 et
1054 2132 1134 2196 cog..

182 2242 289 2290 natus.
345 2225 508 2307 Omnino,
540 2226 627 2307 quod
664 2228 770 2293 laudat
798 2229 887 2295 Plato
926 2229 1130 2324 maximeque

183 2343 402 2424 commendat,
434 2344 636 2427 spectandum
656 2343 688 2410 id
713 2343 808 2411 nobis
829 2344 983 2428 proponit
1006 2348 1040 2411 in
1063 2347 1131 2413 dia·

183 2463 330 2546 logorum
362 2463 523 2553 personis.
568 2462 719 2539 Amorem
745 2463 839 2530 hunc
877 2462 1034 2527 Uranium
1064 2480 1132 2537 non

181 2581 377 2666 descriptum
412 2579 555 2652 videmus
589 2559 708 2647 tantum
739 2578 772 2645 in
804 2582 870 2664 ejus
893 2576 1009 2659 libris,¹
1042 2580 1135 2676 quod

180 2697 304 2766 faciunt
331 2697 512 2780 Phaedrus,
533 2698 698 2774 Pausanias
727 2711 759 2760 et
786 2695 861 2760 mira
883 2694 1063 2778 elegantia,
1083 2688 1136 2771 ‘ut

182 2812 280 2881 :trodo
301 2813 457 2890 diximus,
479 2814 631 2901 Agatho:
656 2812 712 2876 sed
730 2810 911 2894 exprimunt
933 2829 1003 2885 eum
1024 2829 1137 2896 mores

183 2945 216 2993 et
241 2947 399 3005 sermones
420 2929 577 3008 Socratis,
600 2930 656 3002 sod
681 2926 820 2991 referunt
837 2947 907 2991 eum
931 2930 1045 3008 plane,
1074 2929 1133 3008 qui

183 3063 254 3107 cum
288 3045 416 3110 Socrate
454 3043 708 3124 colloquuntur,
755 3046 982 3112 adolescentes.
1031 3047 1135 3119 ,Cer-

184 3180 258 3227 nere
276 3159 368 3226 nobis
391 3162 602 3226 adolescentes
620 3161 782 3242 videmur,
805 3161 845 3226 in
868 3141 985 3242 quibus
1007 3161 1137 3229 animus

183 3283 292 3365 pulcer
318 3298 389 3346 cum
419 3280 531 3362 pulcro
571 3298 706 3362 corpore
736 3274 917 3344 mirabiliter
944 3280 1134 3352 consentit:

185 3401 272 3483 qnod
304 3398 526 3483 pulcerrimum
558 3415 627 3461 esse
654 3399 868 3478 spectaculum
897 3396 997 3477 dixit,
1030 3397 1058 3460 si
1081 3399 1137 3463 cui

126 3580 127 3584 ,
188 3515 220 3581 id
246 3513 337 3583 licca't
365 3533 518 3600 spectare.
572 3515 662 3602 Quid
686 3516 831 3600 pulcrum
858 3514 900 3581 sit
921 3514 951 3583 in
982 3514 1136 3610 artibus,

188 3634 264 3716 quid
302 3634 436 3702 habeant
472 3634 546 3700 artis
586 3651 682 3716 opera
718 3631 1012 3717 praestantissima,
1066 3655 1138 3717 quo

188 3749 357 3833 efficiatur,
381 3767 416 3819 ut
446 3751 541 3818 nobis
572 3751 888 3836 pulcravideantur,
910 3750 993 3825 haud
1021 3753 1140 3835 exqui-

190 3865 263 3942 sivit
291 3867 363 3935 curt
401 3875 497 3956 operi
523 3871 635 3949 Plato:
665 3888 737 3948 nam
762 3862 1016 3964 adpau‘vocabat
1037 3899 1138 3955 pap„-

1088 4015 1138 4068 rr·
