<?xml version="1.0" encoding="UTF-8"?>
<!DOCTYPE html PUBLIC "-//W3C//DTD XHTML 1.0 Transitional//EN"
    "http://www.w3.org/TR/xhtml1/DTD/xhtml1-transitional.dtd">
<html xmlns="http://www.w3.org/1999/xhtml" xml:lang="en" lang="en">
 <head>
  <title>
</title>
<meta http-equiv="Content-Type" content="text/html;charset=utf-8" />
  <meta name='ocr-system' content='tesseract 3.04.00' />
  <meta name='ocr-capabilities' content='ocr_page ocr_carea ocr_par ocr_line ocrx_word'/>
</head>
<body>
  <div class='ocr_page' id='page_1' title='image "./initiaphilosoph03heusgoog_0147.png"; bbox 0 0 2618 4680; ppageno 0'>
   <div class='ocr_carea' id='block_1_1' title="bbox 497 779 799 860">
    <p class='ocr_par' dir='ltr' id='par_1_1' title="bbox 497 779 799 860">
     <span class='ocr_line' id='line_1_1' title="bbox 497 779 799 860; baseline 0 -16"><span class='ocrx_word' id='word_1_1' title='bbox 497 780 564 857; x_wconf 32' lang='lat' dir='ltr'>De·</span> <span class='ocrx_word' id='word_1_2' title='bbox 593 779 799 860; x_wconf 74' lang='lat' dir='ltr'>artibus,</span> 
     </span>
    </p>
   </div>
   <div class='ocr_carea' id='block_1_2' title="bbox 240 924 1048 1012">
    <p class='ocr_par' dir='ltr' id='par_1_2' title="bbox 240 924 1048 1012">
     <span class='ocr_line' id='line_1_2' title="bbox 240 924 1048 1012; baseline -0.006 -22"><span class='ocrx_word' id='word_1_3' title='bbox 240 947 349 1011; x_wconf 74' lang='lat' dir='ltr'>quac</span> <span class='ocrx_word' id='word_1_4' title='bbox 380 924 436 989; x_wconf 86' lang='lat' dir='ltr'>ad</span> <span class='ocrx_word' id='word_1_5' title='bbox 459 926 617 1012; x_wconf 76' lang='lat' dir='ltr'>pulcri</span> <span class='ocrx_word' id='word_1_6' title='bbox 647 925 813 990; x_wconf 82' lang='lat' dir='ltr'>ducunt</span> <span class='ocrx_word' id='word_1_7' title='bbox 845 943 1048 1002; x_wconf 75' lang='lat' dir='ltr'>autorem,</span> 
     </span>
    </p>
   </div>
   <div class='ocr_carea' id='block_1_3' title="bbox 368 1072 914 1167">
    <p class='ocr_par' dir='ltr' id='par_1_3' title="bbox 368 1072 914 1167">
     <span class='ocr_line' id='line_1_3' title="bbox 368 1072 914 1167; baseline -0.002 -28"><span class='ocrx_word' id='word_1_8' title='bbox 368 1075 412 1142; x_wconf 75' lang='lat' dir='ltr'>in</span> <span class='ocrx_word' id='word_1_9' title='bbox 442 1077 606 1167; x_wconf 82' lang='lat' dir='ltr'>primis</span> <span class='ocrx_word' id='word_1_10' title='bbox 648 1072 695 1142; x_wconf 75' lang='lat' dir='ltr'>de</span> <span class='ocrx_word' id='word_1_11' title='bbox 732 1075 914 1139; x_wconf 84' lang='lat' dir='ltr'>musica.</span> 
     </span>
    </p>
   </div>
   <div class='ocr_carea' id='block_1_4' title="bbox 80 1408 1211 3952">
    <p class='ocr_par' dir='ltr' id='par_1_4' title="bbox 80 1408 1211 3952">
     <span class='ocr_line' id='line_1_4' title="bbox 193 1408 1131 1502; baseline -0.005 -22"><span class='ocrx_word' id='word_1_12' title='bbox 193 1430 198 1437; x_wconf 87' lang='lat'>·</span> <span class='ocrx_word' id='word_1_13' title='bbox 223 1413 330 1480; x_wconf 89' lang='lat' dir='ltr'>Multa</span> <span class='ocrx_word' id='word_1_14' title='bbox 349 1413 422 1478; x_wconf 92' lang='lat' dir='ltr'>tulit</span> <span class='ocrx_word' id='word_1_15' title='bbox 452 1427 482 1479; x_wconf 88' lang='lat' dir='ltr'>et</span> <span class='ocrx_word' id='word_1_16' title='bbox 502 1433 584 1481; x_wconf 87' lang='lat' dir='ltr'>nova</span> <span class='ocrx_word' id='word_1_17' title='bbox 608 1428 639 1480; x_wconf 91' lang='lat' dir='ltr'>et</span> <span class='ocrx_word' id='word_1_18' title='bbox 657 1415 809 1502; x_wconf 82' lang='lat' dir='ltr'>praeclara</span> <span class='ocrx_word' id='word_1_19' title='bbox 838 1413 995 1478; x_wconf 86' lang='lat' dir='ltr'>saeculnm</span> <span class='ocrx_word' id='word_1_20' title='bbox 1029 1408 1131 1493; x_wconf 57' lang='lat' dir='ltr'>praei</span> 
     </span>
     <span class='ocr_line' id='line_1_5' title="bbox 180 1522 1130 1613; baseline -0.004 -17"><span class='ocrx_word' id='word_1_21' title='bbox 180 1533 305 1597; x_wconf 85' lang='lat' dir='ltr'>cedens.</span> <span class='ocrx_word' id='word_1_22' title='bbox 347 1530 522 1613; x_wconf 83' lang='lat' dir='ltr'>inquibus</span> <span class='ocrx_word' id='word_1_23' title='bbox 548 1533 632 1599; x_wconf 90' lang='lat' dir='ltr'>haud</span> <span class='ocrx_word' id='word_1_24' title='bbox 655 1532 795 1598; x_wconf 87' lang='lat' dir='ltr'>infimum</span> <span class='ocrx_word' id='word_1_25' title='bbox 820 1546 905 1596; x_wconf 86' lang='lat' dir='ltr'>tenet</span> <span class='ocrx_word' id='word_1_26' title='bbox 931 1531 1039 1595; x_wconf 88' lang='lat' dir='ltr'>locum</span> <span class='ocrx_word' id='word_1_27' title='bbox 1066 1522 1130 1593; x_wconf 58' lang='lat' dir='ltr'>ari</span> 
     </span>
     <span class='ocr_line' id='line_1_6' title="bbox 180 1620 1211 1729; baseline -0.004 -17"><span class='ocrx_word' id='word_1_28' title='bbox 180 1646 258 1712; x_wconf 87' lang='lat' dir='ltr'>tium</span> <span class='ocrx_word' id='word_1_29' title='bbox 287 1647 530 1729; x_wconf 66' lang='lat' dir='ltr'>negandorum,</span> <span class='ocrx_word' id='word_1_30' title='bbox 564 1650 651 1728; x_wconf 91' lang='lat' dir='ltr'>quod</span> <span class='ocrx_word' id='word_1_31' title='bbox 672 1648 817 1729; x_wconf 67' lang='lat' dir='ltr'>exstitit,⁴</span> <span class='ocrx_word' id='word_1_32' title='bbox 835 1646 986 1713; x_wconf 87' lang='lat' dir='ltr'>studium.</span> <span class='ocrx_word' id='word_1_33' title='bbox 1031 1625 1117 1711; x_wconf 86' lang='lat' dir='ltr'>Nam</span> <span class='ocrx_word' id='word_1_34' title='bbox 1207 1620 1211 1624; x_wconf 27' lang='lat'>²</span> 
     </span>
     <span class='ocr_line' id='line_1_7' title="bbox 121 1762 1127 1846; baseline -0.001 -20"><span class='ocrx_word' id='word_1_35' title='bbox 121 1829 124 1838; x_wconf 70' lang='grc'><em>,</em></span> <span class='ocrx_word' id='word_1_36' title='bbox 179 1780 251 1826; x_wconf 89' lang='lat' dir='ltr'>cum</span> <span class='ocrx_word' id='word_1_37' title='bbox 267 1762 457 1828; x_wconf 83' lang='lat' dir='ltr'>adhaesisset</span> <span class='ocrx_word' id='word_1_38' title='bbox 473 1770 561 1829; x_wconf 86' lang='lat' dir='ltr'>antea</span> <span class='ocrx_word' id='word_1_39' title='bbox 575 1763 731 1829; x_wconf 84' lang='lat' dir='ltr'>doctrinis</span> <span class='ocrx_word' id='word_1_40' title='bbox 752 1763 832 1829; x_wconf 87' lang='lat' dir='ltr'>ratio</span> <span class='ocrx_word' id='word_1_41' title='bbox 848 1763 1008 1846; x_wconf 80' lang='lat' dir='ltr'>&#39;quaedam</span> <span class='ocrx_word' id='word_1_42' title='bbox 1022 1763 1127 1826; x_wconf 43' lang='lat' dir='ltr'>schot</span> 
     </span>
     <span class='ocr_line' id='line_1_8' title="bbox 179 1879 1117 1963; baseline -0.004 -17"><span class='ocrx_word' id='word_1_43' title='bbox 179 1879 305 1962; x_wconf 84' lang='lat' dir='ltr'>lastica,</span> <span class='ocrx_word' id='word_1_44' title='bbox 325 1898 405 1962; x_wconf 85' lang='lat' dir='ltr'>quae</span> <span class='ocrx_word' id='word_1_45' title='bbox 422 1897 453 1944; x_wconf 91' lang='lat' dir='ltr'>et</span> <span class='ocrx_word' id='word_1_46' title='bbox 471 1881 555 1963; x_wconf 87' lang='lat' dir='ltr'>ipsas</span> <span class='ocrx_word' id='word_1_47' title='bbox 571 1881 752 1946; x_wconf 85' lang='lat' dir='ltr'>obscuraret</span> <span class='ocrx_word' id='word_1_48' title='bbox 770 1896 799 1945; x_wconf 89' lang='lat' dir='ltr'>et</span> <span class='ocrx_word' id='word_1_49' title='bbox 818 1880 915 1946; x_wconf 82' lang='lat' dir='ltr'>literis</span> <span class='ocrx_word' id='word_1_50' title='bbox 935 1879 1062 1944; x_wconf 90' lang='lat' dir='ltr'>obesset</span> <span class='ocrx_word' id='word_1_51' title='bbox 1082 1899 1117 1944; x_wconf 90' lang='lat' dir='ltr'>ac</span> 
     </span>
     <span class='ocr_line' id='line_1_9' title="bbox 178 1995 1120 2086; baseline -0.004 -23"><span class='ocrx_word' id='word_1_52' title='bbox 178 1996 421 2081; x_wconf 89' lang='lat' dir='ltr'>philosophiae,</span> <span class='ocrx_word' id='word_1_53' title='bbox 434 1999 638 2086; x_wconf 83' lang='lat' dir='ltr'>pulcrum</span> <span class='ocrx_word' id='word_1_54' title='bbox 658 1997 778 2080; x_wconf 84' lang='lat' dir='ltr'>exquiri</span> <span class='ocrx_word' id='word_1_55' title='bbox 790 1995 1120 2063; x_wconf 83' lang='lat' dir='ltr'>summostndioc&#39;ue-</span> 
     </span>
     <span class='ocr_line' id='line_1_10' title="bbox 177 2110 1118 2200; baseline -0.006 -20"><span class='ocrx_word' id='word_1_56' title='bbox 177 2115 238 2198; x_wconf 85' lang='lat' dir='ltr'>pit.</span> <span class='ocrx_word' id='word_1_57' title='bbox 279 2115 354 2200; x_wconf 90' lang='lat' dir='ltr'>Quo</span> <span class='ocrx_word' id='word_1_58' title='bbox 379 2113 517 2194; x_wconf 85' lang='lat' dir='ltr'>accidit,</span> <span class='ocrx_word' id='word_1_59' title='bbox 544 2110 607 2194; x_wconf 84' lang='lat' dir='ltr'>nt,</span> <span class='ocrx_word' id='word_1_60' title='bbox 630 2113 784 2192; x_wconf 86' lang='lat' dir='ltr'>quidquid</span> <span class='ocrx_word' id='word_1_61' title='bbox 810 2112 1007 2191; x_wconf 87' lang='lat' dir='ltr'>antiquarum</span> <span class='ocrx_word' id='word_1_62' title='bbox 1033 2125 1118 2175; x_wconf 84' lang='lat' dir='ltr'>esset</span> 
     </span>
     <span class='ocr_line' id='line_1_11' title="bbox 179 2213 1128 2312; baseline -0.008 -12"><span class='ocrx_word' id='word_1_63' title='bbox 179 2231 291 2300; x_wconf 81' lang='lat' dir='ltr'>artium</span> <span class='ocrx_word' id='word_1_64' title='bbox 314 2245 497 2312; x_wconf 88' lang='lat' dir='ltr'>superstes,</span> <span class='ocrx_word' id='word_1_65' title='bbox 526 2230 727 2310; x_wconf 85' lang='lat' dir='ltr'>sculpturae,</span> <span class='ocrx_word' id='word_1_66' title='bbox 755 2226 939 2307; x_wconf 83' lang='lat' dir='ltr'>statuariae,</span> <span class='ocrx_word' id='word_1_67' title='bbox 965 2213 1128 2293; x_wconf 57' lang='lat' dir='ltr'>architem¹</span> 
     </span>
     <span class='ocr_line' id='line_1_12' title="bbox 179 2343 1127 2440; baseline -0.001 -27"><span class='ocrx_word' id='word_1_68' title='bbox 179 2348 286 2440; x_wconf 76' lang='lat' dir='ltr'>turae,</span> <span class='ocrx_word' id='word_1_69' title='bbox 321 2344 489 2422; x_wconf 89' lang='lat' dir='ltr'>similium,</span> <span class='ocrx_word' id='word_1_70' title='bbox 522 2343 602 2410; x_wconf 90' lang='lat' dir='ltr'>illud</span> <span class='ocrx_word' id='word_1_71' title='bbox 635 2359 666 2410; x_wconf 90' lang='lat' dir='ltr'>et</span> <span class='ocrx_word' id='word_1_72' title='bbox 693 2346 905 2428; x_wconf 84' lang='lat' dir='ltr'>exploraretur</span> <span class='ocrx_word' id='word_1_73' title='bbox 935 2344 1127 2428; x_wconf 82' lang='lat' dir='ltr'>diligentins</span> 
     </span>
     <span class='ocr_line' id='line_1_13' title="bbox 182 2449 1119 2546; baseline -0.001 -17"><span class='ocrx_word' id='word_1_74' title='bbox 182 2479 311 2530; x_wconf 89' lang='lat' dir='ltr'>etcum</span> <span class='ocrx_word' id='word_1_75' title='bbox 337 2462 440 2546; x_wconf 91' lang='lat' dir='ltr'>pulcri</span> <span class='ocrx_word' id='word_1_76' title='bbox 466 2453 656 2544; x_wconf 87' lang='lat' dir='ltr'>ve&#39;nustique</span> <span class='ocrx_word' id='word_1_77' title='bbox 683 2449 778 2528; x_wconf 88' lang='lat' dir='ltr'>sensu</span> <span class='ocrx_word' id='word_1_78' title='bbox 802 2461 1015 2545; x_wconf 75' lang='lat' dir='ltr'>iudicaretur:</span> <span class='ocrx_word' id='word_1_79' title='bbox 1049 2480 1119 2528; x_wconf 93' lang='lat' dir='ltr'>tum</span> 
     </span>
     <span class='ocr_line' id='line_1_14' title="bbox 179 2577 1123 2663; baseline -0.002 -16"><span class='ocrx_word' id='word_1_80' title='bbox 179 2581 272 2648; x_wconf 85' lang='lat' dir='ltr'>etiam</span> <span class='ocrx_word' id='word_1_81' title='bbox 301 2583 423 2648; x_wconf 92' lang='lat' dir='ltr'>nullum</span> <span class='ocrx_word' id='word_1_82' title='bbox 454 2600 520 2648; x_wconf 92' lang='lat' dir='ltr'>non</span> <span class='ocrx_word' id='word_1_83' title='bbox 549 2598 647 2663; x_wconf 79' lang='lat' dir='ltr'>genus</span> <span class='ocrx_word' id='word_1_84' title='bbox 676 2579 912 2663; x_wconf 89' lang='lat' dir='ltr'>disciplinarum</span> <span class='ocrx_word' id='word_1_85' title='bbox 943 2577 1123 2646; x_wconf 81' lang='lat' dir='ltr'>venustatis</span> 
     </span>
     <span class='ocr_line' id='line_1_15' title="bbox 178 2677 1126 2780; baseline -0.003 -18"><span class='ocrx_word' id='word_1_86' title='bbox 178 2698 342 2779; x_wconf 88' lang='lat' dir='ltr'>quemdam</span> <span class='ocrx_word' id='word_1_87' title='bbox 370 2697 548 2780; x_wconf 86' lang='lat' dir='ltr'>susciperet</span> <span class='ocrx_word' id='word_1_88' title='bbox 558 2677 717 2762; x_wconf 88' lang='lat' dir='ltr'>colorem:</span> <span class='ocrx_word' id='word_1_89' title='bbox 742 2713 826 2760; x_wconf 88' lang='lat' dir='ltr'>nova</span> <span class='ocrx_word' id='word_1_90' title='bbox 852 2695 930 2760; x_wconf 87' lang='lat' dir='ltr'>adeo</span> <span class='ocrx_word' id='word_1_91' title='bbox 950 2695 1126 2760; x_wconf 82' lang='lat' dir='ltr'>exsisteret-</span> 
     </span>
     <span class='ocr_line' id='line_1_16' title="bbox 179 2807 1120 2898; baseline -0.005 -17"><span class='ocrx_word' id='word_1_92' title='bbox 179 2812 343 2895; x_wconf 85' lang='lat' dir='ltr'>doctrina,</span> <span class='ocrx_word' id='word_1_93' title='bbox 365 2816 615 2880; x_wconf 76' lang='lat' dir='ltr'>oesthetica</span> <span class='ocrx_word' id='word_1_94' title='bbox 640 2807 741 2892; x_wconf 84' lang='lat' dir='ltr'>vulgo&#39;</span> <span class='ocrx_word' id='word_1_95' title='bbox 761 2813 856 2877; x_wconf 86' lang='lat' dir='ltr'>dicta.</span> <span class='ocrx_word' id='word_1_96' title='bbox 889 2812 1048 2898; x_wconf 88' lang='lat' dir='ltr'>Quocirca</span> <span class='ocrx_word' id='word_1_97' title='bbox 1063 2832 1120 2883; x_wconf 79' lang='lat' dir='ltr'>ne·</span> 
     </span>
     <span class='ocr_line' id='line_1_17' title="bbox 80 2909 1126 3011; baseline 0.002 -17"><span class='ocrx_word' id='word_1_98' title='bbox 80 2996 83 3010; x_wconf 27' lang='grc' dir='ltr'><strong><em>Δ</em></strong></span> <span class='ocrx_word' id='word_1_99' title='bbox 176 2944 229 2994; x_wconf 88' lang='lat' dir='ltr'>mo</span> <span class='ocrx_word' id='word_1_100' title='bbox 243 2929 334 2994; x_wconf 87' lang='lat' dir='ltr'>facile</span> <span class='ocrx_word' id='word_1_101' title='bbox 352 2929 511 3011; x_wconf 85' lang='lat' dir='ltr'>hodieque</span> <span class='ocrx_word' id='word_1_102' title='bbox 528 2909 561 2991; x_wconf 87' lang='lat' dir='ltr'>in</span> <span class='ocrx_word' id='word_1_103' title='bbox 579 2927 812 3010; x_wconf 86' lang='lat' dir='ltr'>philosophiam</span> <span class='ocrx_word' id='word_1_104' title='bbox 832 2928 993 2994; x_wconf 89' lang='lat' dir='ltr'>incumbat</span> <span class='ocrx_word' id='word_1_105' title='bbox 1011 2931 1126 2996; x_wconf 46' lang='lat' dir='ltr'>Plato-1</span> 
     </span>
     <span class='ocr_line' id='line_1_18' title="bbox 177 3018 1127 3130; baseline 0.002 -21"><span class='ocrx_word' id='word_1_106' title='bbox 177 3018 249 3126; x_wconf 83' lang='lat' dir='ltr'>nis,</span> <span class='ocrx_word' id='word_1_107' title='bbox 271 3043 349 3124; x_wconf 88' lang='lat' dir='ltr'>quin</span> <span class='ocrx_word' id='word_1_108' title='bbox 367 3047 473 3109; x_wconf 88' lang='lat' dir='ltr'>locum</span> <span class='ocrx_word' id='word_1_109' title='bbox 502 3047 586 3110; x_wconf 92' lang='lat' dir='ltr'>hunc</span> <span class='ocrx_word' id='word_1_110' title='bbox 611 3057 769 3125; x_wconf 84' lang='lat' dir='ltr'>tractans,</span> <span class='ocrx_word' id='word_1_111' title='bbox 792 3045 849 3126; x_wconf 91' lang='lat' dir='ltr'>qui</span> <span class='ocrx_word' id='word_1_112' title='bbox 869 3060 917 3110; x_wconf 89' lang='lat' dir='ltr'>est</span> <span class='ocrx_word' id='word_1_113' title='bbox 942 3047 990 3110; x_wconf 85' lang='lat' dir='ltr'>de</span> <span class='ocrx_word' id='word_1_114' title='bbox 1002 3047 1127 3130; x_wconf 66' lang='lat' dir='ltr'>pulcro·</span> 
     </span>
     <span class='ocr_line' id='line_1_19' title="bbox 179 3153 1128 3245; baseline 0.005 -19"><span class='ocrx_word' id='word_1_115' title='bbox 179 3173 211 3226; x_wconf 89' lang='lat' dir='ltr'>et</span> <span class='ocrx_word' id='word_1_116' title='bbox 233 3179 360 3242; x_wconf 85' lang='lat' dir='ltr'>amore,</span> <span class='ocrx_word' id='word_1_117' title='bbox 390 3153 566 3227; x_wconf 83' lang='lat' dir='ltr'>Platonicae</span> <span class='ocrx_word' id='word_1_118' title='bbox 587 3161 775 3242; x_wconf 84' lang='lat' dir='ltr'>investiget,</span> <span class='ocrx_word' id='word_1_119' title='bbox 798 3162 826 3227; x_wconf 89' lang='lat' dir='ltr'>si</span> <span class='ocrx_word' id='word_1_120' title='bbox 851 3173 930 3245; x_wconf 89' lang='lat' dir='ltr'>qnae</span> <span class='ocrx_word' id='word_1_121' title='bbox 953 3164 1015 3245; x_wconf 90' lang='lat' dir='ltr'>sit,</span> <span class='ocrx_word' id='word_1_122' title='bbox 1048 3180 1128 3231; x_wconf 77' lang='lat' dir='ltr'>aes-²</span> 
     </span>
     <span class='ocr_line' id='line_1_20' title="bbox 177 3277 1129 3362; baseline 0.005 -17"><span class='ocrx_word' id='word_1_123' title='bbox 177 3278 311 3346; x_wconf 89' lang='lat' dir='ltr'>theticae</span> <span class='ocrx_word' id='word_1_124' title='bbox 328 3277 494 3362; x_wconf 85' lang='lat' dir='ltr'>principia.</span> <span class='ocrx_word' id='word_1_125' title='bbox 537 3279 582 3346; x_wconf 81' lang='lat' dir='ltr'>Et</span> <span class='ocrx_word' id='word_1_126' title='bbox 605 3277 767 3360; x_wconf 84' lang='lat' dir='ltr'>profecto,</span> <span class='ocrx_word' id='word_1_127' title='bbox 800 3298 873 3345; x_wconf 91' lang='lat' dir='ltr'>cum</span> <span class='ocrx_word' id='word_1_128' title='bbox 900 3278 1129 3350; x_wconf 76' lang='lat' dir='ltr'>merito&#39;haec·</span> 
     </span>
     <span class='ocr_line' id='line_1_21' title="bbox 179 3381 1129 3480; baseline 0 -15"><span class='ocrx_word' id='word_1_129' title='bbox 179 3397 320 3465; x_wconf 90' lang='lat' dir='ltr'>doctrina</span> <span class='ocrx_word' id='word_1_130' title='bbox 340 3396 442 3480; x_wconf 84' lang='lat' dir='ltr'>gravis</span> <span class='ocrx_word' id='word_1_131' title='bbox 467 3396 616 3462; x_wconf 77' lang='lat' dir='ltr'>habiatur</span> <span class='ocrx_word' id='word_1_132' title='bbox 630 3381 850 3478; x_wconf 85' lang='lat' dir='ltr'>philosophiae</span> <span class='ocrx_word' id='word_1_133' title='bbox 867 3416 966 3480; x_wconf 81' lang='lat' dir='ltr'>pars,</span> <span class='ocrx_word' id='word_1_134' title='bbox 989 3417 1027 3464; x_wconf 91' lang='lat' dir='ltr'>eo</span> <span class='ocrx_word' id='word_1_135' title='bbox 1052 3388 1129 3466; x_wconf 54' lang='lat' dir='ltr'>mas·</span> 
     </span>
     <span class='ocr_line' id='line_1_22' title="bbox 177 3510 1129 3600; baseline 0.006 -23"><span class='ocrx_word' id='word_1_136' title='bbox 177 3513 250 3597; x_wconf 82' lang='lat' dir='ltr'>gis,</span> <span class='ocrx_word' id='word_1_137' title='bbox 282 3513 423 3597; x_wconf 87' lang='lat' dir='ltr'>quidde</span> <span class='ocrx_word' id='word_1_138' title='bbox 450 3514 569 3588; x_wconf 80' lang='lat' dir='ltr'>artibus</span> <span class='ocrx_word' id='word_1_139' title='bbox 597 3510 817 3588; x_wconf 79' lang='lat' dir='ltr'>existimaverit</span> <span class='ocrx_word' id='word_1_140' title='bbox 852 3515 966 3598; x_wconf 86' lang='lat' dir='ltr'>Plato,</span> <span class='ocrx_word' id='word_1_141' title='bbox 1004 3519 1129 3600; x_wconf 70' lang='lat' dir='ltr'>estqui-³</span> 
     </span>
     <span class='ocr_line' id='line_1_23' title="bbox 178 3619 1129 3699; baseline -0.003 -3"><span class='ocrx_word' id='word_1_142' title='bbox 178 3631 308 3697; x_wconf 87' lang='lat' dir='ltr'>rendum</span> <span class='ocrx_word' id='word_1_143' title='bbox 336 3630 473 3699; x_wconf 83' lang='lat' dir='ltr'>videtur.</span> <span class='ocrx_word' id='word_1_144' title='bbox 535 3662 538 3673; x_wconf 91' lang='lat'><strong>·</strong></span> <span class='ocrx_word' id='word_1_145' title='bbox 696 3639 698 3644; x_wconf 78' lang='grc'>’</span> <span class='ocrx_word' id='word_1_146' title='bbox 784 3620 810 3659; x_wconf 67' lang='lat'>⁸</span> <span class='ocrx_word' id='word_1_147' title='bbox 854 3673 856 3677; x_wconf 29' lang='grc' dir='ltr'>ψ</span> <span class='ocrx_word' id='word_1_148' title='bbox 935 3619 952 3695; x_wconf 82' lang='grc' dir='ltr'>,ἶ</span> <span class='ocrx_word' id='word_1_149' title='bbox 1034 3645 1129 3693; x_wconf 71' lang='lat' dir='ltr'><em>.·--2:;·a</em></span> 
     </span>
     <span class='ocr_line' id='line_1_24' title="bbox 220 3746 1115 3838; baseline 0.003 -25"><span class='ocrx_word' id='word_1_150' title='bbox 220 3748 283 3815; x_wconf 86' lang='lat' dir='ltr'>Sed</span> <span class='ocrx_word' id='word_1_151' title='bbox 316 3748 564 3833; x_wconf 83' lang='lat' dir='ltr'>ingredientibus</span> <span class='ocrx_word' id='word_1_152' title='bbox 591 3749 654 3822; x_wconf 89' lang='lat' dir='ltr'>boc</span> <span class='ocrx_word' id='word_1_153' title='bbox 687 3764 922 3838; x_wconf 64' lang='lat' dir='ltr'>argumentum,</span> <span class='ocrx_word' id='word_1_154' title='bbox 957 3746 990 3811; x_wconf 92' lang='lat' dir='ltr'>id</span> <span class='ocrx_word' id='word_1_155' title='bbox 1017 3746 1115 3818; x_wconf 89' lang='lat' dir='ltr'>nobis</span> 
     </span>
     <span class='ocr_line' id='line_1_25' title="bbox 178 3862 1118 3952; baseline 0 -18"><span class='ocrx_word' id='word_1_156' title='bbox 178 3864 331 3934; x_wconf 81' lang='lat' dir='ltr'>continno</span> <span class='ocrx_word' id='word_1_157' title='bbox 351 3865 463 3935; x_wconf 86' lang='lat' dir='ltr'>mirum</span> <span class='ocrx_word' id='word_1_158' title='bbox 482 3866 644 3952; x_wconf 83' lang='lat' dir='ltr'>videatur,</span> <span class='ocrx_word' id='word_1_159' title='bbox 666 3867 749 3936; x_wconf 85' lang='lat' dir='ltr'>haud</span> <span class='ocrx_word' id='word_1_160' title='bbox 770 3865 924 3950; x_wconf 84' lang='lat' dir='ltr'>praeclare</span> <span class='ocrx_word' id='word_1_161' title='bbox 941 3862 1118 3944; x_wconf 78' lang='lat' dir='ltr'>existimas·</span> 
     </span>
    </p>
   </div>
   <div class='ocr_carea' id='block_1_5' title="bbox 1079 4003 1117 4059">
    <p class='ocr_par' dir='ltr' id='par_1_5' title="bbox 1079 4003 1117 4059">
     <span class='ocr_line' id='line_1_26' title="bbox 1079 4003 1117 4059; baseline 0 0"><span class='ocrx_word' id='word_1_162' title='bbox 1079 4003 1117 4059; x_wconf 64' lang='lat' dir='ltr'>SC</span> 
     </span>
    </p>
   </div>
   <div class='ocr_carea' id='block_1_6' title="bbox 0 0 1314 4680">
    <p class='ocr_par' dir='ltr' id='par_1_6' title="bbox 0 0 1314 4680">
     <span class='ocr_line' id='line_1_27' title="bbox 0 0 1314 4680; baseline 0 0"><span class='ocrx_word' id='word_1_163' title='bbox 0 0 1314 4680; x_wconf 95' lang='lat' dir='ltr'> </span> 
     </span>
    </p>
   </div>
  </div>
 </body>
</html>
