2618 4680
565 238 749 318 ιιι-78..-

181 413 267 503 tibae
298 414 436 485 mimum
477 415 618 484 annot-
642 417 809 503 nenaitque
838 414 992 488 nataris
1021 411 1136 483 'Hm

180 536 328 602 incensas
353 549 404 601 est
425 534 574 602 acerrimo
589 512 744 603 ¹veritatis
767 534 960 618 vittatisque
986 531 1129 614 studio,
1214 540 1216 565 ¹

179 653 234 721 illa
248 655 401 721 adductus
419 653 543 720 videtur
556 653 596 720 ad
618 653 770 721 sublimes
782 700 795 735 ,
805 671 882 735 qaas
901 649 1061 736 prodidit,
1077 648 1132 714 rie·¹

160 771 283 838 animo
303 770 483 838 sententias.
527 770 639 853 Itaque
668 771 836 838 Socratem·
850 769 884 836 in
903 765 1034 850 dialogis
1051 764 1132 835 few

180 887 329 955 omnibus
346 887 555 972 disputantem
577 887 722 971 induait3
746 889 805 954 sed
821 888 920 954 eidem
938 883 1067 954 Socrati
1086 884 1129 952 iit*
1174 918 1178 923 ·
1201 889 1205 895 ”

178 1004 289 1072 iisdem
309 1003 508 1073 sermonibus
528 1007 626 1072 multa
646 1005 782 1073 subinde
803 1004 935 1087 tribuit,
958 1020 1131 1087 qaae-non·

180 1123 266 1207 ipsi,
298 1124 357 1190 scd
380 1123 449 1191 sive
476 1124 670 1208 Pythagorae
701 1122 769 1191 sive
799 1121 1009 1206 Pythagoreis
1034 1126 1129 1190 erant

179 1242 321 1325 propria.
371 1241 483 1329 Quaiis
510 1255 564 1306 est
585 1239 826 1307 celebratissima
856 1239 911 1307 iiia
938 1240 985 1306 de
1014 1238 1132 1307 animo

179 1360 375 1449 disputatio,
398 1381 489 1443 quam
508 1360 542 1428 in
559 1360 725 1429 Phaedone
743 1360 892 1428 habuisse
908 1359 1046 1442 fingitur
1061 1358 1131 1427 soa·

179 1495 293 1546 crates.
338 1528 365 1561 „
396 1480 521 1564 Vetus,
551 1479 679 1564 inquit,
702 1498 805 1545 semro
827 1493 894 1560 est,
916 1477 1037 1543 animos
1062 1477 1128 1544 ho·

180 1594 300 1661 minum
321 1595 395 1661 hinc
416 1595 579 1680 proiectos
600 1597 633 1662 in
651 1617 727 1662 orco
749 1616 839 1678 esse,
862 1615 1043 1677 rursusque·
1058 1595 1131 1663 hnc·

179 1710 297 1778 venire.
323 1707 355 1754 (⁸³
397 1710 600 1797 Quicumque
619 1711 701 1777 enim
724 1713 771 1778 sic
790 1732 924 1796 corpore
952 1712 1124 1797 exiemnt,

179 1843 218 1896 nt
239 1827 354 1913 poliuti
383 1830 450 1915 ejus
477 1827 684 1913 contagione,
721 1828 827 1912 pravis
862 1828 1041 1896 etiamnunc
1060 1828 1122 1898 da·

182 1962 294 2015 cantur
329 1945 545 2031 appetitibus,
591 1944 802 2028 libidinibus,
833 1945 975 2029 studiis,
1006 1944 1130 2015 reverti

181 2079 335 2148 quaerunt
363 2064 447 2132 unde
477 2063 700 2130 discesserunt.
744 2063 820 2150 Quo
849 2061 910 2145 fit,
940 2078 977 2129 nt
1007 2068 1129 2135 comm

179 2182 308 2247 umbrae
330 2194 362 2245 et
379 2181 527 2262 imagines
549 2199 608 2261 per
628 2181 771 2262 sepulcra
795 2180 862 2246 fere
888 2195 920 2245 et
938 2200 1126 2251 monumen·

139 2371 141 2375 Α
180 2313 213 2364 ta
229 2312 394 2379 vagentur.
438 2295 578 2362 Indatmt
596 2295 695 2379 igitar
709 2297 768 2364 alia
791 2296 857 2363 sive
871 2298 1038 2367 hominum
1054 2299 1128 2371 sive

179 2415 358 2482 animalium
388 2433 545 2498 corpora,
579 2434 659 2500 qnae
690 2414 832 2482 maxime·
860 2436 969 2484 eorum
1005 2418 1128 2488 studiis

179 2534 381 2601 conveniant.
424 2533 461 2600 In
482 2532 588 2600 asinos
607 2533 742 2620 migrant
765 2528 951 2619 libidinosi,
973 2535 1007 2601 in
1025 2538 1129 2622 lupos

179 2653 358 2738 tyrannici,
389 2651 559 2721 sedatiores
600 2652 638 2718 in
669 2661 774 2736 apes,
806 2673 943 2738 vespas,
973 2651 1128 2723 formicas

179 2773 232 2836 vei
268 2771 302 2835 in
340 2770 451 2836 similis
493 2769 611 2834 indolis
643 2771 799 2836 homines.
850 2771 904 2836 Ad
931 2773 1017 2837 Deos
1044 2792 1127 2840 vero
1188 2748 1193 2760 ⁴

178 2883 311 2948 transire
340 2884 458 2948 nemini
489 2884 586 2964 iicet,
609 2883 685 2965 quin
713 2885 753 2950 ab
781 2887 869 2951 omni
891 2889 1035 2972 corporis
1052 2882 1127 2958 tabe
1195 2911 1200 2922 ’

179 2999 327 3066 immtmis
355 2998 398 3063 sit
419 3014 451 3064 et
476 3019 589 3082 purus.
612 2999 644 3045 (¹)
769 2994 772 2999 ’

225 3115 288 3186 Sed
315 3130 351 3180 nt
376 3114 514 3180 occurrit
543 3114 576 3180 in
605 3115 656 3182 his
683 3118 830 3185 omnibus
854 3123 1061 3206 Pythagorica
1084 3126 1126 3194 de

179 3236 353 3304 animorum
374 3232 567 3317 migratione
584 3235 756 3302 sententia:
782 3237 848 3320 ita,
872 3240 958 3322 quod
978 3259 1038 3308 nos
1056 3261 1125 3312 non

177 3345 275 3412 latere
291 3357 436 3428 oportet,
460 3362 647 3426 quamquam
674 3344 845 3426 negiigitur
867 3349 1036 3431 amultis,
1065 3351 1125 3417 do·

179 3465 314 3530 minatur
339 3463 372 3528 in
400 3459 510 3526 iisdem
537 3479 679 3544 gentiana
715 3461 769 3528 illa
795 3465 1044 3550 philosophandi·
1073 3487 1124 3533 ra·

178 3582 250 3664 tio,
272 3601 367 3664 qnam
394 3578 522 3648 Platoni·
549 3579 682 3647 maxime
717 3585 881 3667 propriam
908 3584 1009 3651 fuisse
1041 3583 1122 3651 diari-

1032 3721 1115 3772 mus.

215 3830 265 3903 (ι)
283 3827 425 3885 Phaedone
442 3849 484 3902 70.
503 3834 537 3888 C.
571 3834 618 3907 (a)
639 3834 708 3890 noa.
726 3835 758 3892 dt
778 3835 810 3890 B.
828 3834 872 3889 ed
890 3832 961 3888 'firm
981 3834 1068 3895 inlr
1085 3839 1121 3895 C.
