2618 4680
575 292 758 350 .·-81-.

195 466 395 533 uitrorendit
416 467 628 533 adventaret
655 469 797 551 justum,
819 469 978 550 purusnt
1004 487 1034 537 et
1063 470 1128 543 sin·

193 605 294 650 cerus.

221 686 428 768 ¹Praesentem
453 701 558 766 animi
590 693 802 767 conditionem
837 700 884 767 sic
921 699 1128 770 informabant

188 819 399 902 Pythagorei,
428 833 464 883 ut
484 837 616 902 corpore
640 837 710 882 euna
734 817 888 884 inclusum
906 818 1129 903 perhiberent,

189 950 349 1018 tamquam
369 955 491 1001 carcere
512 937 660 1017 quodam.

186 1098 190 1106 -
231 1053 318 1119 Hinc
348 1068 489 1120 metuunt
518 1056 730 1140 capiuntque,
774 1050 875 1118 dolena
904 1050 1127 1139 gaudeatque,

447 1241 450 1247 Ι
611 1191 708 1255 neque
729 1191 832 1235 auras

182 1333 187 1339 -
233 1288 438 1376 Dispiciant,
460 1289 586 1354 clausae
615 1287 754 1354 tenebris
775 1301 805 1352 et
825 1305 955 1350 carcere
974 1304 1057 1350 coeco
1078 1283 1109 1329 (¹³

194 1403 310 1470 Sumus
329 1424 411 1485 nos,
433 1404 477 1469 ait
495 1403 629 1484 Cicero,
652 1402 725 1466 item
745 1402 962 1484 Pythagoreos
982 1414 1130 1482 secutus,

195 1536 306 1585 sumus
334 1520 368 1584 in
393 1520 443 1585 his
463 1519 578 1584 inclusi
596 1518 801 1602 compagibus
821 1510 987 1601 corporIs,
1011 1532 1042 1582 et
1062 1537 1129 1583 rnu-

187 1653 270 1700 -nere
305 1637 438 1718 quodam
477 1635 672 1701 necessitatis
713 1650 744 1700 et
778 1633 864 1716 gravi
897 1653 993 1728 opere
1023 1631 1129 1717 fungi·

193 1771 277 1818 mur.
292 1753 322 1801 (ἡ
361 1752 511 1829 Similiter
530 1753 620 1818 Plato
637 1751 773 1816 animum
793 1750 870 1816 dicit
887 1751 1028 1817 vinctum
1058 1772 1126 1819 esse

179 1858 397 1951 incorpore,
420 1868 512 1952 eique
532 1868 632 1934 veluti
653 1867 904 1952 conglutinatum
927 1869 982 1933 (ῦς
1019 1868 1127 1950 singu·

178 1988 236 2052 -ias
260 1987 463 2069 voluptates,
487 1987 630 2066 singulos
650 1986 775 2048 dolores
798 1985 888 2064 quasi
911 1983 1018 2049 clavos
1037 2002 1129 2062 esse,

181 2103 310 2186 'quibus
337 2103 459 2168 animus
488 2102 615 2184 corpori
639 2100 780 2184 affigatur
806 2114 837 2164 et
854 2113 1071 2194 connectatur.
1096 2095 1128 2143 (⁴³

182 2220 255 2287 -Sed
280 2221 365 2286 addit
395 2220 506 2300 hisce,
529 2219 572 2284 ita
594 2217 661 2283 fieri
681 2232 716 2282 ut
736 2218 859 2282 animus
880 2215 1041 2303 veritatem
1061 2233 1127 2283 non

188 2358 244 2422 per
274 2357 309 2404 se
331 2339 423 2421 ipse,
460 2337 517 2402 sed
544 2357 601 2419 per
629 2337 713 2402 hunc
747 2355 899 2401 carcerem
925 2335 1102 2402 consideret
1112 2335 1132 2417 ‚²

179 2470 285 2534 atque
305 2453 338 2516 in
349 2471 476 2529 ,summa
495 2465 638 2514 versetur
657 2470 759 2513 rerum
782 2451 967 2532 ignorantia.
1013 2458 1128 2532 ’Anxy-

183 2573 355 2654 aaronem
385 2571 440 2640 δὲ,
472 2565 568 2647 ὥσπερ
598 2568 627 2633 a'
648 2570 788 2647 εἱργμοῦ,
810 2571 860 2636 διὰ
881 2575 987 2661 rovroi
1009 2581 1128 2636 σκοπεῖ·

185 2687 260 2750 -cirtr
279 2685 321 2750 rai
343 2681 431 2755 iera,
454 2683 609 2760 ἄλλὰμὴ
635 2685 729 2755 αὐτην
759 2683 794 2746 δι’
812 2685 905 2754 αὐτῆς
924 2683 974 2748 axi
995 2685 1024 2749 ἐν
1045 2693 1129 2766 arari

183 2803 309 2883 anatra
326 2798 567 2877 exaraioorar'aaa.
594 2796 626 2839 (⁵)
655 2794 700 2859 Et
713 2812 787 2859 vero
800 2793 1017 2861 inPlatonica
1044 2816 1130 2863 conr·

189 2915 373 3000 paratione,
415 2912 454 2977 ad
494 2911 631 2978 animum
670 2911 720 3003 his
755 2913 892 2979 vinculis
933 2911 1128 2981 liberandum

174 3010 347 3118 lprincipes
375 3045 480 3114 partes
511 3030 696 3101 tribuuntur
718 3032 931 3120 philosophiae
958 3031 983 3099 i.
1005 3053 1035 3115 e,
1058 3031 1126 3100 veri

191 3149 319 3230 studio,
342 3148 409 3213 veri
437 3147 643 3230 disciplinae.⁴
690 3148 801 3228 Haec,
834 3149 961 3232 inquit,
989 3151 1127 3216 animum

182 3264 367 3345 ‚suscipiens
397 3277 462 3329 tam
492 3264 604 3329 misere
622 3261 792 3345 affectunt,
816 3267 927 3330 leniter
948 3237 1128 3329 euinconr·

190 3358 304 3448 monet
320 3390 352 3440 et
374 3378 495 3444 solvere
507 3395 668 3462 tonatur,
691 3381 888 3460 ostendens,
911 3376 1051 3469 fallacem
1080 3397 1129 3444 es-

1090 3515 1123 3563 se

227 3680 268 3769 (r)
290 3697 359 3749 Aen.
379 3689 432 3747 vl.
462 3688 521 3765 753.
576 3696 615 3765 (a)
637 3690 746 3750 senece.
777 3712 800 3746 c.
821 3707 864 3745 at.
925 3688 964 3762 (3)
986 3686 1126 3752 Phaedra·

191 3799 220 3852 p·
238 3786 324 3839 8212.
387 3785 431 3855 (4)
456 3783 561 3838 Eodem
577 3787 658 3850 ρ.Βᾶ
676 3785 714 3836 D.
738 3781 775 3833 V.
797 3781 943 3850 Wytienb.
962 3783 996 3839 al
1012 3783 1040 3840 h.
1059 3787 1079 3841 l.
1098 3796 1127 3841 ot

191 3872 227 3927 td
244 3871 316 3927 Prae.
335 3874 369 3934 da
388 3874 419 3931 S·
438 3873 476 3930 N·
494 3873 531 3929 V·
548 3890 577 3943 p·
697 3869 827 3943 (5)·E0d.
845 3871 929 3931 8213.

639 3965 667 4032 F
