<?xml version="1.0" encoding="UTF-8"?>
<!DOCTYPE html PUBLIC "-//W3C//DTD XHTML 1.0 Transitional//EN"
    "http://www.w3.org/TR/xhtml1/DTD/xhtml1-transitional.dtd">
<html xmlns="http://www.w3.org/1999/xhtml" xml:lang="en" lang="en">
 <head>
  <title>
</title>
<meta http-equiv="Content-Type" content="text/html;charset=utf-8" />
  <meta name='ocr-system' content='tesseract 3.04.00' />
  <meta name='ocr-capabilities' content='ocr_page ocr_carea ocr_par ocr_line ocrx_word'/>
</head>
<body>
  <div class='ocr_page' id='page_1' title='image "./initiaphilosoph03heusgoog_0200.png"; bbox 0 0 2618 4680; ppageno 0'>
   <div class='ocr_carea' id='block_1_1' title="bbox 67 213 689 383">
    <p class='ocr_par' dir='ltr' id='par_1_1' title="bbox 67 213 689 383">
     <span class='ocr_line' id='line_1_1' title="bbox 67 213 689 383; baseline 0 0"><span class='ocrx_word' id='word_1_1' title='bbox 67 213 172 361; x_wconf 50' lang='lat' dir='ltr'>aas·</span> <span class='ocrx_word' id='word_1_2' title='bbox 341 368 343 372; x_wconf 90' lang='lat'><em>.</em></span> <span class='ocrx_word' id='word_1_3' title='bbox 433 317 689 383; x_wconf 41' lang='lat' dir='ltr'>,mu--</span> 
     </span>
    </p>
   </div>
   <div class='ocr_carea' id='block_1_2' title="bbox 28 458 1058 1857">
    <p class='ocr_par' dir='ltr' id='par_1_2' title="bbox 28 458 1058 1857">
     <span class='ocr_line' id='line_1_2' title="bbox 109 458 1058 566; baseline 0.001 -18"><span class='ocrx_word' id='word_1_4' title='bbox 109 479 189 548; x_wconf 90' lang='lat' dir='ltr'>locis</span> <span class='ocrx_word' id='word_1_5' title='bbox 207 458 366 560; x_wconf 71' lang='lat' dir='ltr'>adductis,</span> <span class='ocrx_word' id='word_1_6' title='bbox 388 483 542 548; x_wconf 90' lang='lat' dir='ltr'>lectorum</span> <span class='ocrx_word' id='word_1_7' title='bbox 559 477 690 566; x_wconf 86' lang='lat' dir='ltr'>¹judicio</span> <span class='ocrx_word' id='word_1_8' title='bbox 712 478 946 565; x_wconf 83' lang='lat' dir='ltr'>subjiceremus.</span> <span class='ocrx_word' id='word_1_9' title='bbox 970 481 1058 548; x_wconf 80' lang='lat' dir='ltr'>ne·-</span> 
     </span>
     <span class='ocr_line' id='line_1_3' title="bbox 111 597 1043 681; baseline 0.001 -18"><span class='ocrx_word' id='word_1_10' title='bbox 111 613 174 663; x_wconf 87' lang='lat' dir='ltr'>stat</span> <span class='ocrx_word' id='word_1_11' title='bbox 197 598 290 663; x_wconf 87' lang='lat' dir='ltr'>nobis</span> <span class='ocrx_word' id='word_1_12' title='bbox 316 600 549 680; x_wconf 87' lang='lat' dir='ltr'>quaerendum,</span> <span class='ocrx_word' id='word_1_13' title='bbox 572 598 648 680; x_wconf 92' lang='lat' dir='ltr'>quid</span> <span class='ocrx_word' id='word_1_14' title='bbox 682 597 715 662; x_wconf 94' lang='lat' dir='ltr'>in</span> <span class='ocrx_word' id='word_1_15' title='bbox 743 597 791 664; x_wconf 91' lang='lat' dir='ltr'>his</span> <span class='ocrx_word' id='word_1_16' title='bbox 813 597 961 664; x_wconf 87' lang='lat' dir='ltr'>omnibus</span> <span class='ocrx_word' id='word_1_17' title='bbox 981 601 1043 681; x_wconf 87' lang='lat' dir='ltr'>ipsi</span> 
     </span>
     <span class='ocr_line' id='line_1_4' title="bbox 108 709 1044 798; baseline -0.002 -17"><span class='ocrx_word' id='word_1_18' title='bbox 108 709 247 796; x_wconf 83' lang='lat' dir='ltr'>Platoni,</span> <span class='ocrx_word' id='word_1_19' title='bbox 278 709 356 796; x_wconf 89' lang='lat' dir='ltr'>quid</span> <span class='ocrx_word' id='word_1_20' title='bbox 383 714 516 798; x_wconf 86' lang='lat' dir='ltr'>singulis</span> <span class='ocrx_word' id='word_1_21' title='bbox 542 735 639 798; x_wconf 36' lang='lat' dir='ltr'>quas*</span> <span class='ocrx_word' id='word_1_22' title='bbox 659 716 782 783; x_wconf 85' lang='lat' dir='ltr'>induxit</span> <span class='ocrx_word' id='word_1_23' title='bbox 810 717 953 798; x_wconf 89' lang='lat' dir='ltr'>personis</span> <span class='ocrx_word' id='word_1_24' title='bbox 987 715 1044 780; x_wconf 91' lang='lat' dir='ltr'>tri·</span> 
     </span>
     <span class='ocr_line' id='line_1_5' title="bbox 108 825 1042 919; baseline -0.002 -21"><span class='ocrx_word' id='word_1_25' title='bbox 108 825 267 902; x_wconf 90' lang='lat' dir='ltr'>buendum</span> <span class='ocrx_word' id='word_1_26' title='bbox 300 827 453 899; x_wconf 87' lang='lat' dir='ltr'>videatur.</span> <span class='ocrx_word' id='word_1_27' title='bbox 505 833 602 919; x_wconf 89' lang='lat' dir='ltr'>Quod</span> <span class='ocrx_word' id='word_1_28' title='bbox 630 833 663 897; x_wconf 94' lang='lat' dir='ltr'>in</span> <span class='ocrx_word' id='word_1_29' title='bbox 697 834 866 916; x_wconf 86' lang='lat' dir='ltr'>Symposio</span> <span class='ocrx_word' id='word_1_30' title='bbox 898 834 1042 898; x_wconf 90' lang='lat' dir='ltr'>nonnihil</span> 
     </span>
     <span class='ocr_line' id='line_1_6' title="bbox 109 937 1057 1034; baseline 0 -19"><span class='ocrx_word' id='word_1_31' title='bbox 109 949 203 1016; x_wconf 87' lang='lat' dir='ltr'>habet</span> <span class='ocrx_word' id='word_1_32' title='bbox 227 937 429 1016; x_wconf 87' lang='lat' dir='ltr'>difficultatis.</span> <span class='ocrx_word' id='word_1_33' title='bbox 472 947 555 1015; x_wconf 88' lang='lat' dir='ltr'>Nam</span> <span class='ocrx_word' id='word_1_34' title='bbox 582 941 615 1014; x_wconf 84' lang='lat' dir='ltr'>in</span> <span class='ocrx_word' id='word_1_35' title='bbox 641 950 780 1017; x_wconf 89' lang='lat' dir='ltr'>Phaedro</span> <span class='ocrx_word' id='word_1_36' title='bbox 799 967 830 1014; x_wconf 89' lang='lat' dir='ltr'>et</span> <span class='ocrx_word' id='word_1_37' title='bbox 851 951 1057 1034; x_wconf 77' lang='lat' dir='ltr'>ubicumque‘</span> 
     </span>
     <span class='ocr_line' id='line_1_7' title="bbox 44 1063 1046 1151; baseline -0.002 -16"><span class='ocrx_word' id='word_1_38' title='bbox 44 1075 46 1084; x_wconf 90' lang='lat'>&#39;</span> <span class='ocrx_word' id='word_1_39' title='bbox 108 1069 254 1135; x_wconf 83' lang='lat' dir='ltr'>Socrates</span> <span class='ocrx_word' id='word_1_40' title='bbox 278 1063 345 1132; x_wconf 87' lang='lat' dir='ltr'>fere</span> <span class='ocrx_word' id='word_1_41' title='bbox 362 1068 452 1133; x_wconf 88' lang='lat' dir='ltr'>solus</span> <span class='ocrx_word' id='word_1_42' title='bbox 474 1066 601 1133; x_wconf 89' lang='lat' dir='ltr'>dicendi</span> <span class='ocrx_word' id='word_1_43' title='bbox 623 1067 719 1133; x_wconf 87' lang='lat' dir='ltr'>babet</span> <span class='ocrx_word' id='word_1_44' title='bbox 739 1083 864 1151; x_wconf 85' lang='lat' dir='ltr'>partes,</span> <span class='ocrx_word' id='word_1_45' title='bbox 896 1086 961 1132; x_wconf 92' lang='lat' dir='ltr'>non</span> <span class='ocrx_word' id='word_1_46' title='bbox 986 1069 1046 1133; x_wconf 90' lang='lat' dir='ltr'>du·</span> 
     </span>
     <span class='ocr_line' id='line_1_8' title="bbox 107 1184 1045 1270; baseline 0.001 -20"><span class='ocrx_word' id='word_1_47' title='bbox 107 1184 220 1265; x_wconf 90' lang='lat' dir='ltr'>bium,</span> <span class='ocrx_word' id='word_1_48' title='bbox 244 1185 322 1266; x_wconf 90' lang='lat' dir='ltr'>quin</span> <span class='ocrx_word' id='word_1_49' title='bbox 339 1184 399 1250; x_wconf 90' lang='lat' dir='ltr'>sub</span> <span class='ocrx_word' id='word_1_50' title='bbox 419 1186 486 1270; x_wconf 86' lang='lat' dir='ltr'>ejus</span> <span class='ocrx_word' id='word_1_51' title='bbox 505 1203 639 1269; x_wconf 83' lang='lat' dir='ltr'>persona</span> <span class='ocrx_word' id='word_1_52' title='bbox 661 1187 811 1267; x_wconf 83' lang='lat' dir='ltr'>loquatur</span> <span class='ocrx_word' id='word_1_53' title='bbox 836 1185 938 1252; x_wconf 88' lang='lat' dir='ltr'>Plato.</span> <span class='ocrx_word' id='word_1_54' title='bbox 982 1186 1045 1251; x_wconf 88' lang='lat' dir='ltr'>Sed</span> 
     </span>
     <span class='ocr_line' id='line_1_9' title="bbox 108 1300 1045 1392; baseline 0.001 -24"><span class='ocrx_word' id='word_1_55' title='bbox 108 1302 141 1368; x_wconf 88' lang='lat' dir='ltr'>in</span> <span class='ocrx_word' id='word_1_56' title='bbox 161 1301 331 1387; x_wconf 87' lang='lat' dir='ltr'>Symposio</span> <span class='ocrx_word' id='word_1_57' title='bbox 359 1301 419 1392; x_wconf 90' lang='lat' dir='ltr'>qui</span> <span class='ocrx_word' id='word_1_58' title='bbox 440 1300 550 1368; x_wconf 88' lang='lat' dir='ltr'>dicunt</span> <span class='ocrx_word' id='word_1_59' title='bbox 570 1303 609 1369; x_wconf 89' lang='lat' dir='ltr'>de</span> <span class='ocrx_word' id='word_1_60' title='bbox 629 1321 755 1382; x_wconf 90' lang='lat' dir='ltr'>amore,</span> <span class='ocrx_word' id='word_1_61' title='bbox 789 1307 896 1369; x_wconf 65' lang='lat' dir='ltr'>e&#39;sud</span> <span class='ocrx_word' id='word_1_62' title='bbox 926 1302 1045 1386; x_wconf 86' lang='lat' dir='ltr'>quique</span> 
     </span>
     <span class='ocr_line' id='line_1_10' title="bbox 108 1395 1048 1505; baseline 0.001 -19"><span class='ocrx_word' id='word_1_63' title='bbox 108 1422 160 1487; x_wconf 88' lang='lat' dir='ltr'>vel</span> <span class='ocrx_word' id='word_1_64' title='bbox 191 1420 296 1486; x_wconf 90' lang='lat' dir='ltr'>indole</span> <span class='ocrx_word' id='word_1_65' title='bbox 316 1421 368 1486; x_wconf 89' lang='lat' dir='ltr'>vel</span> <span class='ocrx_word' id='word_1_66' title='bbox 390 1436 456 1484; x_wconf 87' lang='lat' dir='ltr'>arte</span> <span class='ocrx_word' id='word_1_67' title='bbox 482 1395 697 1485; x_wconf 73' lang='lat' dir='ltr'>veldoetrind</span> <span class='ocrx_word' id='word_1_68' title='bbox 717 1421 838 1486; x_wconf 90' lang='lat' dir='ltr'>dicunt.</span> <span class='ocrx_word' id='word_1_69' title='bbox 883 1419 1048 1505; x_wconf 85' lang='lat' dir='ltr'>Quamob-</span> 
     </span>
     <span class='ocr_line' id='line_1_11' title="bbox 28 1537 1047 1627; baseline 0.002 -23"><span class='ocrx_word' id='word_1_70' title='bbox 28 1551 30 1556; x_wconf 79' lang='grc'>’</span> <span class='ocrx_word' id='word_1_71' title='bbox 108 1558 173 1627; x_wconf 90' lang='lat' dir='ltr'>rem</span> <span class='ocrx_word' id='word_1_72' title='bbox 202 1539 373 1613; x_wconf 87' lang='lat' dir='ltr'>cavendum</span> <span class='ocrx_word' id='word_1_73' title='bbox 407 1537 478 1619; x_wconf 89' lang='lat' dir='ltr'>quis</span> <span class='ocrx_word' id='word_1_74' title='bbox 506 1552 653 1619; x_wconf 81' lang='lat' dir='ltr'>censeat,</span> <span class='ocrx_word' id='word_1_75' title='bbox 688 1557 727 1603; x_wconf 90' lang='lat' dir='ltr'>ne</span> <span class='ocrx_word' id='word_1_76' title='bbox 756 1558 836 1620; x_wconf 86' lang='lat' dir='ltr'>quae</span> <span class='ocrx_word' id='word_1_77' title='bbox 864 1538 910 1603; x_wconf 90' lang='lat' dir='ltr'>illi</span> <span class='ocrx_word' id='word_1_78' title='bbox 938 1538 1047 1620; x_wconf 85' lang='lat' dir='ltr'>profe·</span> 
     </span>
     <span class='ocr_line' id='line_1_12' title="bbox 107 1650 1045 1738; baseline 0 -18"><span class='ocrx_word' id='word_1_79' title='bbox 107 1671 204 1738; x_wconf 89' lang='lat' dir='ltr'>runt,</span> <span class='ocrx_word' id='word_1_80' title='bbox 228 1657 302 1722; x_wconf 87' lang='lat' dir='ltr'>haee</span> <span class='ocrx_word' id='word_1_81' title='bbox 328 1675 397 1721; x_wconf 86' lang='lat' dir='ltr'>esse</span> <span class='ocrx_word' id='word_1_82' title='bbox 421 1655 561 1721; x_wconf 84' lang='lat' dir='ltr'>Plutonis</span> <span class='ocrx_word' id='word_1_83' title='bbox 591 1650 825 1722; x_wconf 83' lang='lat' dir='ltr'>existimemus:</span> <span class='ocrx_word' id='word_1_84' title='bbox 856 1674 922 1722; x_wconf 91' lang='lat' dir='ltr'>non</span> <span class='ocrx_word' id='word_1_85' title='bbox 941 1656 1045 1722; x_wconf 92' lang='lat' dir='ltr'>minus</span> 
     </span>
     <span class='ocr_line' id='line_1_13' title="bbox 110 1753 1045 1857; baseline 0 -17"><span class='ocrx_word' id='word_1_86' title='bbox 110 1753 192 1840; x_wconf 85' lang='lat' dir='ltr'>enim</span> <span class='ocrx_word' id='word_1_87' title='bbox 215 1774 247 1840; x_wconf 93' lang='lat' dir='ltr'>id</span> <span class='ocrx_word' id='word_1_88' title='bbox 271 1773 440 1840; x_wconf 87' lang='lat' dir='ltr'>absurdum</span> <span class='ocrx_word' id='word_1_89' title='bbox 463 1772 554 1853; x_wconf 89' lang='lat' dir='ltr'>fore,</span> <span class='ocrx_word' id='word_1_90' title='bbox 578 1792 670 1855; x_wconf 86' lang='lat' dir='ltr'>quam</span> <span class='ocrx_word' id='word_1_91' title='bbox 697 1774 724 1837; x_wconf 88' lang='lat' dir='ltr'>si</span> <span class='ocrx_word' id='word_1_92' title='bbox 747 1774 819 1856; x_wconf 91' lang='lat' dir='ltr'>quis</span> <span class='ocrx_word' id='word_1_93' title='bbox 847 1775 965 1857; x_wconf 80' lang='lat' dir='ltr'>tragico</span> <span class='ocrx_word' id='word_1_94' title='bbox 983 1772 1045 1840; x_wconf 72' lang='lat' dir='ltr'>&#39;t&#39;ri-</span> 
     </span>
    </p>
   </div>
   <div class='ocr_carea' id='block_1_3' title="bbox 109 1886 1145 1975">
    <p class='ocr_par' dir='ltr' id='par_1_3' title="bbox 109 1886 1145 1975">
     <span class='ocr_line' id='line_1_14' title="bbox 109 1886 1145 1975; baseline -0.001 -18"><span class='ocrx_word' id='word_1_95' title='bbox 109 1894 218 1959; x_wconf 86' lang='lat' dir='ltr'>bueret</span> <span class='ocrx_word' id='word_1_96' title='bbox 234 1895 373 1975; x_wconf 75' lang='lat' dir='ltr'>poetae,</span> <span class='ocrx_word' id='word_1_97' title='bbox 395 1906 610 1972; x_wconf 88' lang='lat' dir='ltr'>quascumque</span> <span class='ocrx_word' id='word_1_98' title='bbox 631 1891 664 1953; x_wconf 90' lang='lat' dir='ltr'>in</span> <span class='ocrx_word' id='word_1_99' title='bbox 686 1892 753 1956; x_wconf 90' lang='lat' dir='ltr'>eius</span> <span class='ocrx_word' id='word_1_100' title='bbox 775 1886 890 1957; x_wconf 86' lang='lat' dir='ltr'>fabulis</span> <span class='ocrx_word' id='word_1_101' title='bbox 911 1890 1053 1975; x_wconf 79' lang='lat' dir='ltr'>reperis·⁴</span> <span class='ocrx_word' id='word_1_102' title='bbox 1143 1930 1145 1933; x_wconf 94' lang='lat'>-</span> 
     </span>
    </p>
   </div>
   <div class='ocr_carea' id='block_1_4' title="bbox 109 2007 1053 2088">
    <p class='ocr_par' dir='ltr' id='par_1_4' title="bbox 109 2007 1053 2088">
     <span class='ocr_line' id='line_1_15' title="bbox 109 2007 1053 2088; baseline -0.002 -12"><span class='ocrx_word' id='word_1_103' title='bbox 109 2027 157 2076; x_wconf 88' lang='lat' dir='ltr'>set</span> <span class='ocrx_word' id='word_1_104' title='bbox 176 2008 359 2075; x_wconf 86' lang='lat' dir='ltr'>sententias.</span> <span class='ocrx_word' id='word_1_105' title='bbox 404 2008 495 2085; x_wconf 78' lang='lat' dir='ltr'>Age,</span> <span class='ocrx_word' id='word_1_106' title='bbox 517 2020 669 2086; x_wconf 86' lang='lat' dir='ltr'>utsupra</span> <span class='ocrx_word' id='word_1_107' title='bbox 697 2007 907 2088; x_wconf 80' lang='lat' dir='ltr'>dePhaedri,</span> <span class='ocrx_word' id='word_1_108' title='bbox 929 2009 1053 2075; x_wconf 80' lang='lat' dir='ltr'>itablo</span> 
     </span>
    </p>
   </div>
   <div class='ocr_carea' id='block_1_5' title="bbox 109 2119 1218 2208">
    <p class='ocr_par' dir='ltr' id='par_1_5' title="bbox 109 2119 1218 2208">
     <span class='ocr_line' id='line_1_16' title="bbox 109 2119 1218 2208; baseline -0.007 -16"><span class='ocrx_word' id='word_1_109' title='bbox 109 2128 148 2192; x_wconf 88' lang='lat' dir='ltr'>de</span> <span class='ocrx_word' id='word_1_110' title='bbox 172 2122 333 2208; x_wconf 84' lang='lat' dir='ltr'>Symposii</span> <span class='ocrx_word' id='word_1_111' title='bbox 355 2119 462 2187; x_wconf 76' lang='lat' dir='ltr'>forma</span> <span class='ocrx_word' id='word_1_112' title='bbox 486 2121 632 2187; x_wconf 89' lang='lat' dir='ltr'>nonnihil</span> <span class='ocrx_word' id='word_1_113' title='bbox 651 2122 832 2207; x_wconf 68' lang='lat' dir='ltr'>adiciamus</span> <span class='ocrx_word' id='word_1_114' title='bbox 855 2124 1046 2192; x_wconf 39' lang='lat' dir='ltr'>animadvers</span> <span class='ocrx_word' id='word_1_115' title='bbox 1120 2164 1122 2176; x_wconf 84' lang='lat'>·</span> <span class='ocrx_word' id='word_1_116' title='bbox 1211 2147 1218 2167; x_wconf 81' lang='lat'>=</span> 
     </span>
    </p>
   </div>
   <div class='ocr_carea' id='block_1_6' title="bbox 51 2264 1080 2680">
    <p class='ocr_par' dir='ltr' id='par_1_6' title="bbox 107 2264 220 2312">
     <span class='ocr_line' id='line_1_17' title="bbox 107 2264 220 2312; baseline 0 -1"><span class='ocrx_word' id='word_1_117' title='bbox 107 2264 220 2312; x_wconf 87' lang='lat' dir='ltr'>sroms.</span> 
     </span>
    </p>

    <p class='ocr_par' dir='ltr' id='par_1_7' title="bbox 51 2339 1080 2680">
     <span class='ocr_line' id='line_1_18' title="bbox 151 2339 1080 2444; baseline -0.011 -15"><span class='ocrx_word' id='word_1_118' title='bbox 151 2339 317 2430; x_wconf 86' lang='lat' dir='ltr'>Sermones</span> <span class='ocrx_word' id='word_1_119' title='bbox 335 2360 419 2425; x_wconf 92' lang='lat' dir='ltr'>illie</span> <span class='ocrx_word' id='word_1_120' title='bbox 452 2359 680 2425; x_wconf 88' lang='lat' dir='ltr'>consuetudine</span> <span class='ocrx_word' id='word_1_121' title='bbox 708 2361 866 2440; x_wconf 85' lang='lat' dir='ltr'>repetendi</span> <span class='ocrx_word' id='word_1_122' title='bbox 889 2362 1046 2444; x_wconf 83' lang='lat' dir='ltr'>explicam.</span> <span class='ocrx_word' id='word_1_123' title='bbox 1078 2385 1080 2387; x_wconf 52' lang='lat'>&gt;</span> 
     </span>
     <span class='ocr_line' id='line_1_19' title="bbox 109 2477 1048 2560; baseline -0.002 -15"><span class='ocrx_word' id='word_1_124' title='bbox 109 2481 204 2560; x_wconf 85' lang='lat' dir='ltr'>dique</span> <span class='ocrx_word' id='word_1_125' title='bbox 226 2477 376 2543; x_wconf 88' lang='lat' dir='ltr'>videntur</span> <span class='ocrx_word' id='word_1_126' title='bbox 386 2478 564 2540; x_wconf 83' lang='lat' dir='ltr'>carminum</span> <span class='ocrx_word' id='word_1_127' title='bbox 586 2478 807 2543; x_wconf 78' lang='lat' dir='ltr'>convivalium.</span> <span class='ocrx_word' id='word_1_128' title='bbox 831 2478 928 2559; x_wconf 85' lang='lat' dir='ltr'>Apud</span> <span class='ocrx_word' id='word_1_129' title='bbox 947 2479 1048 2543; x_wconf 88' lang='lat' dir='ltr'>Athe·</span> 
     </span>
     <span class='ocr_line' id='line_1_20' title="bbox 51 2593 1047 2680; baseline -0.002 -17"><span class='ocrx_word' id='word_1_130' title='bbox 51 2598 54 2607; x_wconf 82' lang='grc'><strong>“</strong></span> <span class='ocrx_word' id='word_1_131' title='bbox 109 2615 220 2662; x_wconf 82' lang='lat' dir='ltr'>nucum</span> <span class='ocrx_word' id='word_1_132' title='bbox 242 2593 274 2636; x_wconf 65' lang='lat'>(¹)</span> <span class='ocrx_word' id='word_1_133' title='bbox 295 2593 354 2658; x_wconf 91' lang='lat' dir='ltr'>tria</span> <span class='ocrx_word' id='word_1_134' title='bbox 366 2611 473 2658; x_wconf 87' lang='lat' dir='ltr'>eorum</span> <span class='ocrx_word' id='word_1_135' title='bbox 488 2609 599 2676; x_wconf 87' lang='lat' dir='ltr'>genera</span> <span class='ocrx_word' id='word_1_136' title='bbox 615 2608 801 2674; x_wconf 75' lang='lat' dir='ltr'>censentur,</span> <span class='ocrx_word' id='word_1_137' title='bbox 826 2615 960 2678; x_wconf 92' lang='lat' dir='ltr'>quorum</span> <span class='ocrx_word' id='word_1_138' title='bbox 980 2597 1047 2680; x_wconf 90' lang='lat' dir='ltr'>pri·</span> 
     </span>
    </p>
   </div>
   <div class='ocr_carea' id='block_1_7' title="bbox 111 2692 1142 2795">
    <p class='ocr_par' dir='ltr' id='par_1_8' title="bbox 111 2692 1142 2795">
     <span class='ocr_line' id='line_1_21' title="bbox 111 2692 1142 2795; baseline -0.002 -13"><span class='ocrx_word' id='word_1_139' title='bbox 111 2709 195 2783; x_wconf 85' lang='lat' dir='ltr'>mum</span> <span class='ocrx_word' id='word_1_140' title='bbox 216 2692 285 2794; x_wconf 80' lang='lat' dir='ltr'>est,</span> <span class='ocrx_word' id='word_1_141' title='bbox 308 2709 395 2792; x_wconf 92' lang='lat' dir='ltr'>quod</span> <span class='ocrx_word' id='word_1_142' title='bbox 405 2728 513 2776; x_wconf 89' lang='lat' dir='ltr'>omues</span> <span class='ocrx_word' id='word_1_143' title='bbox 535 2710 686 2778; x_wconf 83' lang='lat' dir='ltr'>canebant</span> <span class='ocrx_word' id='word_1_144' title='bbox 707 2709 824 2791; x_wconf 86' lang='lat' dir='ltr'>simul,</span> <span class='ocrx_word' id='word_1_145' title='bbox 848 2713 1043 2795; x_wconf 88' lang='lat' dir='ltr'>seeundum,</span> <span class='ocrx_word' id='word_1_146' title='bbox 1139 2736 1142 2741; x_wconf 92' lang='lat'><em>·</em></span> 
     </span>
    </p>
   </div>
   <div class='ocr_carea' id='block_1_8' title="bbox 47 2827 1098 4080">
    <p class='ocr_par' dir='ltr' id='par_1_9' title="bbox 47 2827 1098 4080">
     <span class='ocr_line' id='line_1_22' title="bbox 111 2827 1048 2915; baseline -0.002 -18"><span class='ocrx_word' id='word_1_147' title='bbox 111 2833 198 2915; x_wconf 91' lang='lat' dir='ltr'>quod</span> <span class='ocrx_word' id='word_1_148' title='bbox 216 2835 275 2897; x_wconf 78' lang='lat' dir='ltr'>sua</span> <span class='ocrx_word' id='word_1_149' title='bbox 296 2828 416 2913; x_wconf 90' lang='lat' dir='ltr'>quique</span> <span class='ocrx_word' id='word_1_150' title='bbox 434 2827 503 2895; x_wconf 90' lang='lat' dir='ltr'>vice</span> <span class='ocrx_word' id='word_1_151' title='bbox 530 2828 670 2911; x_wconf 85' lang='lat' dir='ltr'>singuli,</span> <span class='ocrx_word' id='word_1_152' title='bbox 705 2829 860 2911; x_wconf 72' lang='lat' dir='ltr'>tertium,</span> <span class='ocrx_word' id='word_1_153' title='bbox 880 2831 968 2912; x_wconf 92' lang='lat' dir='ltr'>quod</span> <span class='ocrx_word' id='word_1_154' title='bbox 986 2831 1048 2897; x_wconf 90' lang='lat' dir='ltr'>soli</span> 
     </span>
     <span class='ocr_line' id='line_1_23' title="bbox 109 2944 1049 3028; baseline -0.002 -14"><span class='ocrx_word' id='word_1_155' title='bbox 109 2950 259 3016; x_wconf 82' lang='lat' dir='ltr'>canebant</span> <span class='ocrx_word' id='word_1_156' title='bbox 279 2944 470 3014; x_wconf 71' lang='lat' dir='ltr'>solertiores.</span> <span class='ocrx_word' id='word_1_157' title='bbox 513 2946 711 3012; x_wconf 85' lang='lat' dir='ltr'>Postremum</span> <span class='ocrx_word' id='word_1_158' title='bbox 729 2964 828 3028; x_wconf 89' lang='lat' dir='ltr'>genus</span> <span class='ocrx_word' id='word_1_159' title='bbox 849 2969 882 3015; x_wconf 85' lang='lat' dir='ltr'>ea</span> <span class='ocrx_word' id='word_1_160' title='bbox 903 2950 1049 3017; x_wconf 54' lang='lat' dir='ltr'>contines</span> 
     </span>
     <span class='ocr_line' id='line_1_24' title="bbox 47 3063 1052 3148; baseline 0.009 -20"><span class='ocrx_word' id='word_1_161' title='bbox 47 3122 50 3128; x_wconf 85' lang='lat'><strong>.</strong></span> <span class='ocrx_word' id='word_1_162' title='bbox 109 3066 339 3145; x_wconf 75' lang='lat' dir='ltr'>hortamina,</span> <span class='ocrx_word' id='word_1_163' title='bbox 371 3083 452 3147; x_wconf 91' lang='lat' dir='ltr'>quae</span> <span class='ocrx_word' id='word_1_164' title='bbox 478 3063 605 3148; x_wconf 83' lang='lat' dir='ltr'>proprie</span> <span class='ocrx_word' id='word_1_165' title='bbox 623 3069 730 3136; x_wconf 71' lang='lat' dir='ltr'>ruditu</span> <span class='ocrx_word' id='word_1_166' title='bbox 760 3065 920 3134; x_wconf 88' lang='lat' dir='ltr'>dicuntur.</span> <span class='ocrx_word' id='word_1_167' title='bbox 944 3069 1052 3136; x_wconf 85' lang='lat' dir='ltr'>Habe·</span> 
     </span>
     <span class='ocr_line' id='line_1_25' title="bbox 109 3181 1098 3267; baseline 0.002 -18"><span class='ocrx_word' id='word_1_168' title='bbox 109 3185 185 3250; x_wconf 91' lang='lat' dir='ltr'>bant</span> <span class='ocrx_word' id='word_1_169' title='bbox 212 3183 264 3250; x_wconf 86' lang='lat' dir='ltr'>illa</span> <span class='ocrx_word' id='word_1_170' title='bbox 288 3183 339 3249; x_wconf 91' lang='lat' dir='ltr'>vel</span> <span class='ocrx_word' id='word_1_171' title='bbox 367 3181 551 3248; x_wconf 89' lang='lat' dir='ltr'>sententiam</span> <span class='ocrx_word' id='word_1_172' title='bbox 573 3184 973 3266; x_wconf 67' lang='lat' dir='ltr'>quamdam&#39;praeelaram,</span> <span class='ocrx_word' id='word_1_173' title='bbox 995 3186 1048 3251; x_wconf 88' lang='lat' dir='ltr'>vel</span> <span class='ocrx_word' id='word_1_174' title='bbox 1094 3256 1098 3267; x_wconf 34' lang='lat'><strong><em>¹</em></strong></span> 
     </span>
     <span class='ocr_line' id='line_1_26' title="bbox 110 3297 1055 3384; baseline 0 -17"><span class='ocrx_word' id='word_1_175' title='bbox 110 3302 193 3367; x_wconf 87' lang='lat' dir='ltr'>vitae</span> <span class='ocrx_word' id='word_1_176' title='bbox 221 3315 404 3383; x_wconf 84' lang='lat' dir='ltr'>praecepta,</span> <span class='ocrx_word' id='word_1_177' title='bbox 437 3302 488 3364; x_wconf 90' lang='lat' dir='ltr'>vel</span> <span class='ocrx_word' id='word_1_178' title='bbox 517 3297 633 3381; x_wconf 82' lang='lat' dir='ltr'>patriae</span> <span class='ocrx_word' id='word_1_179' title='bbox 663 3299 822 3382; x_wconf 81' lang='lat' dir='ltr'>spirabant</span> <span class='ocrx_word' id='word_1_180' title='bbox 848 3319 983 3366; x_wconf 87' lang='lat' dir='ltr'>amorem</span> <span class='ocrx_word' id='word_1_181' title='bbox 1016 3319 1055 3384; x_wconf 84' lang='lat' dir='ltr'>ec</span> 
     </span>
     <span class='ocr_line' id='line_1_27' title="bbox 109 3415 1053 3501; baseline 0.002 -18"><span class='ocrx_word' id='word_1_182' title='bbox 109 3416 283 3501; x_wconf 84' lang='lat' dir='ltr'>tyrannidis</span> <span class='ocrx_word' id='word_1_183' title='bbox 300 3416 429 3496; x_wconf 90' lang='lat' dir='ltr'>odium,</span> <span class='ocrx_word' id='word_1_184' title='bbox 453 3415 499 3481; x_wconf 92' lang='lat' dir='ltr'>uti</span> <span class='ocrx_word' id='word_1_185' title='bbox 512 3415 787 3482; x_wconf 84' lang='lat' dir='ltr'>celebratissimum</span> <span class='ocrx_word' id='word_1_186' title='bbox 809 3417 888 3482; x_wconf 90' lang='lat' dir='ltr'>illud</span> <span class='ocrx_word' id='word_1_187' title='bbox 913 3417 945 3482; x_wconf 92' lang='lat' dir='ltr'>in</span> <span class='ocrx_word' id='word_1_188' title='bbox 971 3419 1053 3485; x_wconf 89' lang='lat' dir='ltr'>Har·</span> 
     </span>
     <span class='ocr_line' id='line_1_28' title="bbox 112 3530 1051 3615; baseline 0.004 -17"><span class='ocrx_word' id='word_1_189' title='bbox 112 3533 251 3598; x_wconf 91' lang='lat' dir='ltr'>modium</span> <span class='ocrx_word' id='word_1_190' title='bbox 270 3545 302 3596; x_wconf 87' lang='lat' dir='ltr'>et</span> <span class='ocrx_word' id='word_1_191' title='bbox 330 3530 594 3615; x_wconf 84' lang='lat' dir='ltr'>Aristogitonem.</span> <span class='ocrx_word' id='word_1_192' title='bbox 629 3533 791 3611; x_wconf 85' lang='lat' dir='ltr'>Plerisque</span> <span class='ocrx_word' id='word_1_193' title='bbox 815 3551 916 3598; x_wconf 81' lang='lat' dir='ltr'>autem</span> <span class='ocrx_word' id='word_1_194' title='bbox 935 3535 1051 3602; x_wconf 84' lang='lat' dir='ltr'>talibus</span> 
     </span>
     <span class='ocr_line' id='line_1_29' title="bbox 113 3646 1052 3738; baseline 0.001 -24"><span class='ocrx_word' id='word_1_195' title='bbox 113 3648 301 3716; x_wconf 85' lang='lat' dir='ltr'>carminibus</span> <span class='ocrx_word' id='word_1_196' title='bbox 336 3665 424 3713; x_wconf 82' lang='lat' dir='ltr'>amoc</span> <span class='ocrx_word' id='word_1_197' title='bbox 464 3646 698 3716; x_wconf 80' lang='lat' dir='ltr'>celebrabatur:</span> <span class='ocrx_word' id='word_1_198' title='bbox 734 3667 799 3731; x_wconf 87' lang='lat' dir='ltr'>quo</span> <span class='ocrx_word' id='word_1_199' title='bbox 840 3650 1052 3738; x_wconf 82' lang='lat' dir='ltr'>excelluerunt</span> 
     </span>
     <span class='ocr_line' id='line_1_30' title="bbox 110 3756 1057 3836; baseline 0.001 -1"><span class='ocrx_word' id='word_1_200' title='bbox 110 3773 114 3784; x_wconf 92' lang='lat'>·</span> <span class='ocrx_word' id='word_1_201' title='bbox 321 3756 323 3761; x_wconf 78' lang='grc'>’</span> <span class='ocrx_word' id='word_1_202' title='bbox 730 3764 734 3773; x_wconf 81' lang='grc'>’</span> <span class='ocrx_word' id='word_1_203' title='bbox 932 3768 936 3777; x_wconf 85' lang='lat'><strong>·</strong></span> <span class='ocrx_word' id='word_1_204' title='bbox 991 3772 1057 3836; x_wconf 79' lang='lat' dir='ltr'>m·</span> 
     </span>
     <span class='ocr_line' id='line_1_31' title="bbox 111 3862 1040 3991; baseline 0.001 -27"><span class='ocrx_word' id='word_1_205' title='bbox 111 3954 115 3964; x_wconf 88' lang='lat'>.</span> <span class='ocrx_word' id='word_1_206' title='bbox 152 3905 461 3991; x_wconf 55' lang='lat' dir='ltr'>(tutunus.</span> <span class='ocrx_word' id='word_1_207' title='bbox 1032 3862 1040 3913; x_wconf 58' lang='lat'>&#39;³</span> 
     </span>
     <span class='ocr_line' id='line_1_32' title="bbox 556 4015 610 4080; baseline 0 0"><span class='ocrx_word' id='word_1_208' title='bbox 556 4015 610 4080; x_wconf 67' lang='lat' dir='ltr'>&#39;N</span> 
     </span>
    </p>
   </div>
   <div class='ocr_carea' id='block_1_9' title="bbox 0 0 1315 4680">
    <p class='ocr_par' dir='ltr' id='par_1_10' title="bbox 0 0 1315 4680">
     <span class='ocr_line' id='line_1_33' title="bbox 0 0 1315 4680; baseline 0 0"><span class='ocrx_word' id='word_1_209' title='bbox 0 0 1315 4680; x_wconf 95' lang='lat' dir='ltr'> </span> 
     </span>
    </p>
   </div>
  </div>
 </body>
</html>
