2618 4680
444 342 494 370 ··-
511 330 574 404 '149
596 335 651 374 ··³·

71 480 230 568 referant,
261 488 403 569 pulcrum
430 491 506 554 adeo
536 493 777 573 argumentando
810 495 1015 579 obscurent,¹
1080 492 1082 496 ⁴

71 605 104 670 id
132 621 226 684 sane,
250 603 277 668 si
303 603 381 684 quid
409 607 514 686 aliud,
538 607 678 689 ineptum
710 624 769 677 est.
813 612 902 677 Plato
927 634 1003 692 quo·

68 713 312 803 tiescunque-de
334 721 453 787 artibus
481 724 544 807 agit
568 727 834 808 elegantioribus,
856 729 921 811 agit
948 751 1001 794 aua

68 828 131 905 tem
155 842 194 904 de
223 838 267 903 iis·
289 857 511 922 saepenumero
538 856 570 906 et
595 845 814 925 perlubenter‚
848 846 941 911 toties
969 863 1000 911 et

65 948 199 1023 ‘mentem
211 971 331 1023 exercet
349 974 486 1024 nostram
500 957 611 1029 rerum
629 960 848 1044 indagatione,
871 977 902 1028 et
924 983 999 1030 vero

63 1081 191 1141 sensum
214 1076 306 1139 simul
333 1077 434 1158 pulcri
463 1078 650 1158 venustique
680 1079 714 1143 in
741 1077 850 1143 animis
879 1085 997 1148 nostris

25 1191 191 1259 ''lttscitat
220 1209 250 1256 ct
278 1194 375 1259 acuit.
418 1193 516 1278 Quod
530 1195 598 1275 ipse
626 1194 750 1259 videtnr
769 1195 1000 1263 maximeacri·

27 1346 31 1357 »
62 1296 166 1376 bendo
198 1325 375 1392 spectasse,
398 1303 602 1393 spectandum
625 1327 706 1376 certe
724 1311 850 1394 putavit
869 1313 901 1376 in
921 1326 997 1395 pue*

61 1416 168 1495 roitum
199 1428 424 1508 institutione,
458 1447 550 1508 quam
575 1441 697 1509 totam,
730 1429 777 1494 uti
797 1428 994 1508 vidimus,a

15 1556 18 1561 '
60 1536 169 1614 Masis
193 1539 579 1627 Musarumque-chorego
589 1545 761 1629 Apolline,
784 1545 808 1611 i.
830 1545 920 1613 e.‚ab
940 1566 996 1623 exr

15 1660 18 1665 ’
59 1650 193 1731 colendo
231 1663 406 1729 inanimis
445 1663 622 1728 harmoniae
659 1662 864 1745 rhythmique
898 1637 994 1753 senen

59 1772 229 1863 studioque
252 1776 421 1845 'inchoare‘
439 1803 442 1807 ·
457 1781 564 1866 iussit.
608 1783 764 1847 Ponamus
794 1780 921 1861 igitur,
949 1781 994 1844 ait

59 1884 182 1964 tandem
209 1895 419 1965 'Atheniensis
438 1892 518 1976 ille,¹
541 1904 678 1968 maeleim
709 1899 783 1967 ἐἶναι
806 1904 920 1980 πρώτην
945 1903 994 1968 διὰ

53 1996 184 2093 ’Μουσῶν
201 2004 241 2084 μτε
264 2019 315 2083 καὶ
346 2019 547 2088 Ἀπόλλωνος.
593 2013 753 2097 Quodita
785 2013 990 2096 intelligemus

53 2130 215 2212 maxime,
238 2145 275 2195 ut
304 2130 541 2213 diligentissime
569 2129 717 2194 etchori
741 2129 824 2211 apud
847 2132 988 2201 Graecos

12 2222 106 2315 'net'
127 2236 483 2332 tragicae'comicaeuue
506 2260 645 2330 'poeseos
672 2249 824 2314 tationem
853 2248 990 2315 animam

53 2365 256 2431 verterimus,
985 2434 987 2441 .

53 2508 57 2515 ⁴
89 2481 190 2546 'Festa
211 2480 373 2544 'dederunt
393 2479 448 2543 Dii
475 2479 597 2542 miseris
623 2479 832 2558 mortalibus,
866 2495 920 2555 ut,
943 2454 995 2541 re-¹

54 2597 161 2664 missis
170 2594 354 2672 laboribus,
387 2592 590 2656 exhilararent
614 2612 667 2657 eos
684 2595 869 2674 identidem,
882 2598 990 2661 simul-

53 2717 121 2793 q'ae
166 2709 373 2776 emendarent.
434 2708 520 2772 Nam
555 2706 690 2771 ludendo
724 2707 855 2773 maxime
890 2727 989 2791 genus
1020 2775 1021 2778 ,

51 2834 197 2893 nostrum
223 2828 260 2891 ad
291 2815 488 2909 pulcrum'et
507 2825 674 2889 honestum
705 2825 890 2891 ducendum·
905 2825 990 2903 vide,

49 2931 125 3011 tur.¹
163 2946 255 3011 Unde
282 2943 439 3009 simillima
471 2962 549 3008 voce
567 2941 800 3009 institutionem
825 2958 856 3008 et
878 2945 989 3011 ludum

50 3047 208 3144 appellare
244 3064 404 3141 solemus,
437 3058 519 3126 illam
546 3066 710 3140 meduan,
753 3063 836 3128 herne
865 3069 989 3137 παιδιὰν

46 3168 220 3246 vocantes(
254 3181 299 3246 Et
327 3199 403 3245 vero
420 3180 533 3244 'omnis
564 3180 705 3245 educatio
736 3199 805 3249 cum
829 3196 914 3255 recta
940 3184 987 3247 lu-

45 3293 144 3361 dendi
165 3296 394 3360 consuetudine
419 3302 587 3380 coniuncta
615 3313 685 3363 esta
720 3298 785 3381 Qui
808 3314 886 3380 puer
916 3299 987 3378 ptri,

43 3410 179 3477 cerrima
198 3405 301 3489 lusit,
326 3409 353 3474 is
369 3411 451 3477 vivit
469 3414 601 3478 adultus
613 3412 847 3481 honestissime.
870 3411 983 3496 Quid?

45 3527 144 3613 quod'
159 3528 306 3592 ‘ludendo
331 3526 498 3593 eliciuntur
530 3530 648 3612 optime
671 3531 781 3621 insitae
807 3528 910 3622 animo
940 3528 986 3593 fa·

42 3647 191 3713 cultates.
249 3646 322 3727 Ego
347 3644 393 3709 sic
421 3662 545 3725 statuo,
576 3647 619 3710 ait
648 3647 759 3725 Plat0,
792 3660 826 3709 ut
852 3660 986 3726 praestet

46 3762 123 3864 quis
162 3760 332 3859 aliquando⁸
355 3760 641 3861 qualicunquein
665 3762 815 3853 negotio,
849 3762 881 3825 id
914 3782 981 3826 eum

42 3892 195 3963 oportere
220 3879 257 3943 ab
278 3866 403 3946 ineunte
426 3863 532 3945 statim
555 3874 709 3960 pueritia,
743 3882 803 3944 tarn
821 3870 983 3985 ludendo„

478 3996 507 4066 K
532 4018 549 4081 3
890 3979 981 4081 quam
