2618 4680
448 210 651 277 *1293

87 367 275 441 sacrificaret
302 375 393 453 piune
425 361 493 455 iiii,
518 384 673 457 tamquam
711 392 827 444 stature
866 398 902 466 et·
935 371 1017 472 Pena

86 487 261 557 In'tr'rentent
293 501 391 564 vero,
415 509 453 554 ex
484 492 615 558 horrore
635 484 690 559 iilo
713 496 796 575 capit
817 510 884 560 e'utu
916 468 1018 564 ueluti·

85 588 287 673 commutatio
321 607 470 686 quaedam
508 610 635 674 insolita
669 626 699 674 et
731 613 828 676 sudor
866 629 895 676 et
920 618 1014 681 calor,

68 715 164 792 'Nam
186 743 242 806 per
265 717 377 789 oculos
396 725 573 810 suscipiens
597 721 817 809 p'ulcritudiuis
838 729 1013 806 effluvium,

86 841 172 923 quod
196 842 316 906 emollit
333 855 363 906 et
387 842 477 925 quasi
491 842 657 924 liquefacit
674 845 832 922 animum,
856 848 1014 911 incalescit

83 970 169 1023 totus
194 973 225 1022 et
242 959 412 1040 germinare
443 957 475 1023 in
500 958 603 1023 animo
629 958 783 1041 incipiunt
808 951 883 1029 aiae.
929 961 1013 1026 Hinc

81 1062 251 1156 pruritus3
283 1060 354 1139 hinc
378 1067 527 1154 dolores,
551 1091 587 1140 ut
613 1075 752 1141 dentium
782 1077 1003 1163 oborientiuurt

80 1182 156 1255 hinc
179 1192 464 1283 feriretuniuers'us
493 1192 614 1259 animus
633 1196 663 1258 et
684 1203 831 1273 aestuat,
853 1207 909 1257 nec
938 1197 1015 1258 leni-

80 1317 154 1389 tur,
199 1308 260 1372 nisi
288 1311 389 1391 pulcri
423 1312 596 1392 adspectu3
642 1311 698 1390 sed
737 1298 865 1395 absens,
882 1311 1014 1376 furentis¹

80 1424 265 1491 estsimilis
290 1435 466 1490 necnoctu
493 1429 576 1510 capit
603 1437 771 1507 somnum,
793 1438 870 1491 nec
881 1428 1015 1494 interdiu

79 1546 250 1628 consistit;
274 1537 330 1610 sed
351 1546 473 1627 quaerit
501 1544 606 1612 ubivis
633 1551 799 1647 pulcrum,
822 1548 913 1653 eujus
934 1546 1015 1612 ferre

79 1681 146 1728 non
179 1668 287 1748 potest
313 1663 514 1731 desiderium.
559 1663 750 1748 Adspiciens
782 1671 883 1729 autern
910 1665 1012 1730 denuo
1077 1743 1079 1747 y

80 1796 111 1845 et
138 1781 292 1851 hauriens
314 1781 413 1846 veluti
439 1801 477 1846 ex
506 1782 607 1848 oculis
644 1781 798 1847 effluvium
831 1781 1011 1864 cupidinis,

62 1861 144 1983 'ruta
146 1918 197 1974 ιιι,
222 1917 287 1997 quo
307 1892 458 1980 liquescit
476 1901 602 1979 donaro,
624 1902 775 1980 respirat,
810 1884 1011 2004 stimulisque

58 1996 110 2080 'et
131 2016 295 2081 doloribus
317 1999 493 2094 liberatus,
524 2017 581 2080 hac
601 2003 717 2078 fruitur
745 2013 923 2078 dulcissima
954 2022 1012 2078 'ru-

78 2135 210 2214 luptate.
255 2128 413 2217 Quocirca
438 2125 522 2196 ultro
549 2137 719 2212 numquam
758 2130 908 2214 relinquit
941 2135 1014 2216 Ῑιιιι·

78 2270 192 2330 erum,
231 2269 288 2316 nec
315 2251 486 2334 quidquam
517 2250 637 2334 mulcro
676 2251 776 2332 pluris
804 2247 917 2330 lacit,
958 2250 1012 2314 sed

78 2369 209 2448 matris,
231 2367 383 2447 fratrum,
406 2345 576 2433 amicorum
597 2367 823 2450 obliviscitur,
843 2379 900 2435 nec
924 2377 1011 2432 curat¹

79 2498 127 2549 res
156 2482 341 2560 familiares,
373 2483 515 2560 quamvis
550 2477 737 2562 negligentia
764 2492 914 2562 pereant,
948 2483 1011 2545 ima

79 2599 228 2664 decorum
263 2612 294 2660 et
329 2597 522 2674 honestum,
554 2614 620 2676 quo
648 2605 735 2661 antea
771 2617 804 2660 se
841 2595 1009 2671 efferebat,

81 2711 256 2777 contemnit
279 2727 309 2776 et
327 2711 425 2776 servit
453 2711 546 2792 plane
565 2709 705 2790 amasio,
736 2729 792 2775 nec
815 2711 946 2776 discedit
974 2715 1012 2775 alr
1103 2759 1105 2768 ι

81 2840 119 2893 eo
156 2840 276 2909 noctu,
311 2827 431 2912 quippe
459 2842 624 2893 veneratur
655 2828 739 2896 hunc
777 2835 842 2893 non
873 2836 1015 2920 tantum',

59 2933 135 3037 'sed
153 2937 323 3011 remedium
347 2965 416 3014 eum
441 2939 535 3013 habet
557 2938 813 3031 'grauissimorum
834 2946 991 3012 dolorum.

74 3054 76 3059 ’
120 3058 183 3130 Hic
210 3058 445 3129 ¹enthusiasmos
476 3042 525 3131 est
557 3064 700 3145 amoris,
732 3065 765 3130 ιιι
800 3076 865 3148 quo
900 3064 1015 3132 deseri-¹

77 3171 183 3244 b'endo
213 3197 285 3246 eum
328 3174 433 3263 politis
476 3177 616 3262 antiquis
654 3174 852 3250 concertasse
893 3166 1016 3248 uidetur·

58 3271 179 3361 Ῥιιιιο.
222 3289 306 3386 Nam
329 3296 452 3374 carmen
475 3313 524 3363 est
544 3294 660 3381 piane,
685 3307 872 3382 quamquam
888 3291 1017 3380 plenum

56 3390 320 3494 'philosophiam
344 3419 375 3475 et
394 3410 433 3477 ab
454 3408 544 3479 initio
574 3415 693 3482 dixerat
721 3411 891 3506 Socrates,
902 3390 1016 3498 ⁴refer--

78 3542 146 3610 tum
160 3536 200 3592 'se
216 3540 330 3611 pectus
352 3524 464 3593 habere
482 3522 625 3611 eorum,
637 3547 717 3612 quae
733 3552 751 3599 a
767 3523 870 3614 poetis
882 3551 924 3646 ,a
940 3533 1019 3649 seq-

59 3622 184 3741 [plone
205 3635 248 3709 ‘in
270 3632 379 3726 primis
413 3653 444 3710 e't
477 3638 674 3711 Anacreonte
712 3643 883 3729 acceperat
939 3630 1017 3714 Ne'c·

60 3752 201 3826 ‘Graeca
229 3759 302 3844 quis
339 3777 436 3830 sensu
464 3761 642 3842 affectuque
668 3762 812 3905 legerit,
835 3764 923 3907 quin
935 3765 1016 3833 idern

431 3891 435 3899 ·
511 3872 577 3946 ·Ι’
661 3890 664 3899 “
878 3860 1019 3969 ’Ἧιιι
