2618 4680
626 318 806 360 -12-

248 482 310 546 aad
345 499 417 545 cun
449 480 620 562 discipulo.
663 480 726 544 Est
753 479 815 543 hoc
841 477 984 556 scilicet,
1007 481 1181 562 Creuzere,

249 599 369 680 magnis
398 597 531 679 ingeniis
564 596 751 680 proprium,
785 598 875 678 quod
908 614 952 662 ne
983 597 1184 678 suspicantur

248 715 374 795 quidem
400 716 543 780 homines
564 715 651 780 levas
678 728 713 778 et
732 715 826 794 vani,
847 730 884 778 ut
907 715 1024 780 latrant
1050 714 1183 780 maxime
1263 792 1266 799 Ι

247 846 337 911 mam,
368 833 495 912 quando
520 832 554 895 hi
572 831 703 898 maxime
729 833 917 913 splendent,
936 832 1062 912 idest,
1084 850 1183 913 quan·

244 949 292 1014 do
311 968 414 1015 sermo
446 963 496 1014 est
527 950 568 1014 de
595 950 715 1032 magnis
740 949 832 1014 viris.
885 951 984 1035 Quod
1010 966 1049 1015 tu
1076 955 1181 1014 autem

244 1067 425 1150 scripsisti,
465 1069 547 1132 lecto
577 1067 814 1149 Wyttenbachii
840 1067 946 1148 libro,
983 1068 1182 1132 absterritum

245 1199 280 1249 te
311 1185 410 1266 magis
440 1183 541 1250 fuisse
568 1183 742 1265 continuo,
783 1161 879 1267 quam
911 1187 1080 1265 allectum,
1109 1205 1182 1267 per·

243 1299 335 1368 secta
362 1303 418 1369 illa
445 1302 558 1368 Critici
587 1302 736 1384 imaginor
765 1317 810 1368 et
844 1303 906 1373 hoc
941 1302 1079 1386 pariter,
1118 1303 1182 1368 imo

192 1436 198 1443 ·
242 1422 347 1487 multo
364 1421 463 1504 magis
480 1421 572 1486 etiam
591 1435 624 1485 et
640 1421 771 1500 merito,
794 1420 900 1485 evenit
917 1421 1008 1486 mihi.
1052 1420 1182 1490 Leidam

243 1539 382 1618 reliqui,
420 1552 456 1600 uc
490 1553 562 1602 ante
601 1536 763 1602 biennium
799 1538 857 1603 illa
892 1543 1028 1622 vespera
1055 1541 1184 1605 domum

242 1652 506 1738 wyttenbachii‚
528 1655 664 1738 primunr
690 1653 798 1718 hilaris
821 1672 919 1718 sensu
937 1669 970 1718 et
995 1656 1184 1720 recordatio·

243 1769 287 1838 tie
301 1772 465 1856 perceptae
483 1771 681 1856 voluptatis3
704 1769 764 1836 sed
780 1785 922 1836 moestus
945 1769 1056 1836 deinde
1075 1771 1184 1834 et·nri·'

243 1883 280 1956 ln
303 1891 486 1974 displicens.
528 1891 650 1956 Verum
679 1888 763 1956 enim
792 1887 1015 1956 baudremere
1040 1901 1073 1953 et
1098 1885 1182 1954 hunc

243 2008 323 2074 mihi
354 2010 495 2075 dolorem
522 2009 669 2093 iniecerat
693 2008 839 2074 Socrates
863 2007 918 2073 ille
934 2026 1046 2075 meur.

245 2171 250 2188 .
287 2128 416 2192 Annum
434 2121 581 2210 deinceps
605 2126 706 2191 mansi
726 2125 977 2206 amstelodami,
997 2124 1119 2208 quippe
1133 2125 1185 2208 ju·

242 2243 489 2325 risprudentiae,
512 2258 548 2308 ut
566 2242 700 2323 .dixi‚-a
721 2259 809 2327 patre
834 2244 1019 2310 destinatus.
1059 2242 1104 2308 Et
1128 2241 1184 2305 ha<

243 2359 355 2427 bebam
373 2360 436 2424 illic
456 2359 582 2427 amicos·
594 2362 896 2447 coniunctissimos,
917 2360 1106 2444 quibuscum
1128 2359 1189 2444 ada·¹

241 2478 304 2543 buc
332 2479 588 2564 conjunctissime
618 2479 699 2548 vixi.
761 2482 920 2549 Habebam
953 2479 1181 2559 Hieronymum

243 2593 433 2696 Boschium,
473 2600 737 2683 elegantissimum
768 2601 895 2682 virum,
918 2619 985 2683 quo
1009 2614 1091 2664 terre
1116 2612 1183 2660 non

242 2717 317 2782 tulit
340 2719 571 2802 candidiorem,
604 2720 724 2804 quique
749 2741 799 2786 me
824 2737 861 2785 ut
886 2720 988 2784 fllium
1010 2716 1180 2798 diligebat:

242 2846 274 2895 et
305 2850 382 2896 vero
415 2838 517 2900 claros
554 2838 705 2904 habebam
740 2849 958 2919 praeceptores
994 2833 1180 2924 Crassitim,

243 2945 478 3030 Swindenium,
501 2950 698 3039 Lennepium
716 2953 812 3033 item,
834 2948 890 3032 qui
907 2948 1002 3014 modo
1031 2945 1182 3026 Wytten-

241 3063 356 3129 bachio
386 3046 598 3136 successerat:
635 3068 822 3154 quamquam
848 3066 923 3148 hic,
945 3083 1004 3149 pro
1032 3060 1183 3144 singulari

243 3181 304 3248 viri
330 3181 542 3265 humanitate,
582 3191 683 3254 amico
699 3211 750 3255 me
772 3187 930 3265 malebat,
968 3200 1060 3264 quam
1087 3179 1183 3244 disci-

241 3302 343 3384 pulo,
375 3300 437 3365 uti.
501 3302 724 3370 Verumtamen
759 3298 1040 3386 wyttenbachiun
1078 3315 1181 3363 meum

243 3434 365 3498 semper
395 3415 552 3496 cogitansx
576 3431 607 3481 et
641 3419 675 3482 in
710 3420 812 3487 oculis
842 3416 971 3499 ferens,
1017 3414 1181 3495 impatiens

241 3550 368 3613 morae,
391 3533 583 3616 Lugdunum
611 3536 734 3602 deinde,
753 3536 896 3603 discessi.

251 3662 256 3701 ³
275 3642 336 3722 'Ab
363 3649 424 3714 hoc
449 3665 556 3716 autem
583 3663 725 3732 tempore
744 3652 843 3734 magis
862 3634 1007 3724 deinceps
1030 3642 1098 3706 sive
1115 3640 1182 3704 ani-

242 3762 434 3856 madvertere
456 3768 526 3832 sive
544 3765 698 3848 srupicari
725 3768 852 3850 coepi,
863 3756 1080 3844 quaerendem
1098 3773 1181 3823 esset

245 3877 489 3965 wyttenbachii
503 3881 706 3964 praestantia.
728 3883 836 3971 ,Nam
858 3887 1024 3957 autemut
1047 3873 1184 3960 fertqu-

251 4014 255 4020 .
1125 4013 1179 4071 ve?
