2618 4680
486 273 662 334 *tt-⁸

93 432 322 516 ,Xenophonte
356 443 387 498 et
421 432 552 500 Platone
572 461 575 465 >
588 431 788 513 colloquatur
802 474 814 512 ‚
828 441 835 453 ·
851 447 951 515 quam·
962 450 965 455 ·
976 427 1045 508 illis

111 549 306 632 temporibus
331 558 421 616 cunr
434 548 693 618 doctisiiteratis
716 549 887 633 plerisque.
903 585 914 597 ι-
930 551 1047 626 Nolim

111 667 172 733 hoc
195 666 278 752 *item
308 666 448 734 tribuere
491 665 552 733 soli
592 665 856 748 wyttenbachio,
887 667 1048 741 ‚Fuerunt

111 782 185 864 alii,
207 803 343 866 quorum
368 782 528 848 institutio
548 801 586 850 eo
604 784 720 849 valeret
737 802 829 865 quam
848 783 1042 866 plurimumt

112 901 238 986 etipsa
265 900 410 984 profecto
439 914 628 966 commutata
654 916 728 967 sunt
753 916 916 985 temporat
949 919 1046 982 quae·

111 1037 175 1100 que
204 1018 237 1084 in
272 1017 398 1084 Batavia
432 1018 570 1083 cernitur
608 1017 817 1084 humanitatis.
840 1017 1045 1100 progressio,

114 1134 241 1209 eandem
275 1149 305 1200 et
337 1135 411 1202 alibi
439 1151 482 1203 et
507 1136 541 1201 in
566 1151 644 1217 tua,
676 1136 857 1213 Creuzere,
892 1153 985 1214 quam
1010 1134 1051 1208 ila,

112 1254 251 1334 lustras,
274 1252 440 1321 Germania
455 1253 741 1320 animadvertimus.
785 1251 849 1318 Sed
871 1249 949 1315 hanc
968 1248 1052 1332 apud

114 1387 174 1435 nos
209 1371 461 1452 progressionem
495 1387 579 1434 unus
616 1369 755 1434 omnium
804 1366 936 1439 maxime
977 1384 1056 1449 pro*

117 1485 203 1548 vexit
236 1486 481 1565 acceleravimus
513 1483 794 1566 Wyttenbachius.
848 1485 964 1569 Quum·
991 1503 1054 1568 ego

119 1613 191 1664 ante
219 1600 278 1666 hos
307 1601 537 1682 duodetriginta
572 1611 671 1665 annos
705 1601 973 1668 Amstelodamum
995 1622 1053 1670 ve·

118 1717 237 1797 nirem,
269 1716 435 1783 mirabatur
459 1716 508 1783 vir
534 1735 702 1799 summus,
731 1717 816 1784 adire
843 1718 946 1801 ipsum
975 1719 1051 1791 ado-

116 1835 283 1901 lescentem
320 1833 461 1900 Platonis
502 1835 626 1916 legendi
662 1834 825 1917 cupidum.
886 1837 983 1902 Nunc
1016 1835 1053 1913 in

117 1950 295 2017 Academiis
328 1951 445 2019 nostris
482 1964 513 2021 et
543 1949 714 2018 Athenaeis
747 1969 813 2016 non
841 1966 961 2016 tantum
990 1954 1056 2016 lec-1
1158 1970 1165 1979 ⁴

118 2067 220 2133 tiones
247 2067 401 2135 habentur
433 2068 630 2149 Platonicae,
659 2067 839 2149 frequentes
865 2067 1053 2145 discentium

117 2203 269 2268 numero,
304 2188 360 2253 scd
391 2189 527 2273 jungunt
560 2187 651 2253 etiam
684 2205 741 2253 sua
774 2156 888 2269 sponte
919 2187 1053 2270 juvenes

118 2303 284 2385 sodalitia,
307 2304 341 2370 in
368 2304 485 2385 quibus
515 2305 677 2370 Platonem
707 2305 810 2386 legant
837 2322 944 2368 secum
970 2303 1056 2370 invi«

117 2440 184 2495 cem
211 2434 242 2484 et
265 2420 520 2502 interpretentur.
574 2420 722 2487 Eduntur
757 2420 925 2485 identidem
952 2419 1057 2503 speci.-

118 2537 201 2602 mina
225 2536 383 2615 literaria,
411 2556 483 2600 cum
520 2536 579 2600 alia
613 2538 652 2600 de
680 2536 818 2616 antiquis
842 2532 1062 2630 'scriptoribus‘

121 2664 152 2716 et
179 2650 327 2715 historiae
354 2650 593 2733 philosophicae
618 2650 828 2732 argumentis,
857 2665 924 2716 turn
951 2653 1056 2724 Plato*

119 2767 211 2846 nica,
234 2785 313 2848 quae
339 2765 518 2849 conscripta
544 2786 562 2831 a
589 2764 770 2847 tironibus,
792 2751 945 2832 veteranis
971 2767 1059 2834 haud

119 2883 282 2950 videantur
307 2882 446 2968 indigna.
499 2884 658 2951 ductores
685 2897 787 2955 autem
821 2883 936 2959 habent
961 2884 1058 2964 disti-j

117 3003 213 3084 pulos
241 2999 308 3066 fere
334 3019 466 3083 eorum,
499 3000 554 3084 qui
582 3000 644 3084 ipsi
670 2984 1059 3086 fueruntWyttenbachii

120 3116 290 3200 discipuli,
318 3132 355 3182 ut
390 3137 469 3198 quae
502 3117 682 3185 novissimo·
714 3118 832 3203 prodiit
869 3120 987 3190 eximis
1000 3121 1057 3191 illa

121 3232 256 3299 Groenii
289 3234 563 3318 Prosopographia
596 3235 768 3310 Platonica.
820 3235 960 3305 Fuerunt
972 3255 1057 3330 ,oms

121 3347 200 3419 nino
229 3360 300 3413 ante
329 3350 608 3430 W-yttenbachium
635 3366 666 3419 et
680 3353 754 3423 -orti
779 3367 859 3426 sunt>
881 3356 948 3438 ejus
973 3368 1061 3435 aetat

122 3481 176 3546 te,
206 3465 263 3548 qui
289 3463 474 3530 humanitati
498 3467 530 3532 in
553 3468 641 3537 hisce
667 3468 758 3535 terris
789 3467 901 3541 eximie
926 3471 1057 3562 prodens

122 3607 214 3673 sent;
238 3590 294 3656 sed
308 3585 447 3656 studium
464 3589 688 3675 philosophiae
701 3589 899 3670 Socraticae,
916 3588 1059 3670 studium
1168 3664 1171 3672 ,

73 3780 75 3784 Α
124 3710 262 3774 Platonis
285 3722 316 3772 et
338 3705 526 3786 Ciceronis,
547 3708 687 3775 studium
711 3707 745 3773 in
771 3705 880 3789 primis
904 3708 1057 3779 historiae

125 3819 362 3909 philosophicae
372 3852 390 3906 ,2
417 3824 483 3908 qui.
507 3823 568 3895 hoc
597 3823 764 3906 excitaret,
797 3835 1056 3910 inusurpatus

561 3942 588 4008 C
611 3957 632 4026 5
1007 3951 1063 4005 est..
