2618 4680
533 279 775 355 ‘'⁸1⁶7—

148 432 221 557 :tia
252 485 285 530 ac
317 464 411 530 variis
440 460 605 557 utriusque
626 474 656 523 et
683 461 849 542 generibus
885 479 916 528 et
936 466 1116 535 auctoribus

178 580 423 673 pronunciaret,
447 594 554 644 tamen
568 576 692 643 fontem
720 595 906 663 aperuerunt
929 584 996 665 ejus
1015 583 1116 666 scrip.

179 714 235 788 ta,
259 718 274 762 e
306 718 370 780 quo
395 697 527 763 adhaec
557 696 660 763 studia
679 698 847 765 excolenda
864 697 1021 777 haurirent
1040 721 1115 783 poss
1183 696 1191 702 '⁴

178 817 248 889 teri.
292 818 345 885 Ne
375 817 488 916 placite
505 817 571 901 ejus
598 815 706 881 iterem
725 815 764 879 de
789 815 902 883 artium
924 830 1057 896 natura,
1078 817 1117 882 de

179 915 353 1011 imitatione
382 937 512 1021 ejusque
545 933 718 1017 rationeet
743 932 903 1015 consilio,
925 932 1045 1019 primus
1064 930 1117 999 ille

179 1030 263 1132 luit,
287 1049 343 1152 qui
363 1049 593 1150 exprimendam
610 1040 893 1138 arte-proponeret
920 1052 1018 1125 ideam
1046 1044 1120 1142 pul-¹

179 1169 245 1257 cri,
268 1168 335 1237 sive
358 1168 533 1255 perfectum
562 1169 641 1259 illud
669 1184 700 1235 et
732 1171 909 1249 excellens,
932 1183 967 1235 ut
992 1169 1041 1239 ¹ait
1059 1170 1116 1236 Oi·

178 1304 276 1367 cero,
292 1283 322 1330 (¹³
343 1289 434 1370 cujus
455 1286 496 1353 ad
518 1287 684 1380 cogitatam
707 1287 843 1371 speciem
861 1286 1015 1359 imitando
1028 1285 1118 1361 ,refe-

179 1379 297 1478 runtur
312 1404 384 1484 illa,
409 1423 487 1483 quae
504 1403 569 1473 suh
590 1405 700 1489 oculos
732 1405 860 1483 cadunt.
903 1405 1001 1489 Quod
1021 1403 1117 1487 placi-

180 1533 273 1600 tum,
306 1537 341 1616 ut
369 1530 389 1586 a'
408 1519 634 1593 recerttioribus
663 1520 845 1603 diligentius
869 1537 964 1609 atque
984 1541 1021 1589 ex
1048 1521 1119 1604 ipsi
1179 1497 1181 1503 V

181 1636 295 1701 mentis
330 1641 441 1703 natum
474 1637 654 1725 expositum
687 1653 755 1720 est,
785 1639 828 1705 ita
853 1639 1028 1721 antiquitus
1053 1640 1116 1724 jam

180 1754 227 1825 sic
255 1752 338 1837 cepit
358 1754 563 1833 Ciceronem,
586 1767 622 1818 ut
650 1753 689 1818 od
715 1753 794 1818 hanc
829 1773 969 1820 normam
995 1751 1117 1836 perfec·

180 1888 247 1958 tum
273 1871 462 1938 describeret
479 1887 511 1937 et
529 1871 628 1937 ueluti
645 1871 826 1954 depingeret
838 1871 1016 1941 Oratorem.
1039 1871 1125 1958 Non

181 1971 276 2080 hujus
305 1997 353 2053 es't
374 1965 469 2070 loci,
494 1988 875 2072 methodumerrponere,
907 2007 1000 2069 quarn
1030 1988 1141 2068 sequi·
1233 1967 1240 1975 ’

178 2106 277 2202 jussit
298 2117 459 2188 quotquot
477 2102 602 2170 dicendi
625 2102 847 2186 scribendique
864 2102 924 2168 arti
939 2104 1123 2182 studerent,

181 2222 309 2308 petitam
338 2223 422 2291 iliam
451 2241 489 2287 ex
520 2219 669 2287 interiore
703 2221 929 2306 philosophia,
956 2220 1121 2304 magisque

180 2339 221 2421 ad
249 2339 341 2420 veri,
381 2359 475 2421 quam
503 2337 606 2423 pulcri
645 2337 871 2420 indagationem
900 2336 1126 2422 pertinentem.

182 2459 267 2541 Apte
295 2457 328 2523 id
353 2468 421 2520 tum
455 2454 671 2539 intelligetur,
703 2455 831 2534 qnando
858 2456 897 2519 ad
915 2455 1073 2520 doctrinas
1090 2470 1121 2518 et

183 2570 358 2663 principem
378 2589 504 2648 earum,
544 2568 759 2647 dialecticam,
782 2569 1028 2652 pervenerimus.
1061 2571 1127 2641 llio

186 2707 263 2754 vero
283 2705 395 2769 operae
418 2685 555 2769 pretium
587 2699 660 2766 est,
681 2685 945 2767 animadvertere,
967 2687 1035 2768 ipsa
1058 2688 1130 2753 Pla·

185 2779 410 2886 conis'scripta
432 2805 619 2869 documenta
635 2804 753 2867 esse‘et
766 2802 855 2884 quasi
872 2804 1011 2885 exempla
1032 2802 1125 2868 disci·

188 2922 314 3007 plinae‚
338 2921 545 3006 quampoe‘tis
562 2939 593 2986 et
614 2919 794 2986 oratoribus
814 2918 954 2986 tradidit.
967 2919 1064 3006 Quod
1086 2917 1132 3009 ria

185 3058 216 3106 te
237 3040 444 3122 observasse,
468 3041 507 3106 ad
526 3039 642 3121 scripta
663 3038 716 3106 illa
737 3038 935 3122 intelligenda
963 3039 1047 3105 haud
1082 3038 1126 3107 les

187 3159 236 3227 vis
252 3179 320 3238 esse
339 3158 492 3223 momenti
514 3159 651 3222 videtur.

228 3277 372 3343 Pulcrum
384 3275 503 3359 spirant
517 3275 631 3359 dialogi
650 3275 790 3345 Platonis
800 3263 997 3356 omnes'3sed
1013 3270 1123 3339 iisdem

189 3393 280 3479 quasi
315 3411 460 3475 expressa
491 3409 538 3457 est
565 3393 692 3460 virtutis
725 3411 819 3475 atque
846 3393 1018 3460 honestatis
1050 3390 1129 3462 imo·

188 3527 244 3605 go.
287 3508 326 3574 In
352 3502 481 3572 eroticis
510 3523 682 3576 occurrunt
712 3512 845 3594 iuvenes
879 3508 997 3591 insigni
1021 3525 1052 3574 et
1072 3507 1128 3579 for

188 3627 239 3699 mi
261 3638 291 3690 et
312 3622 519 3705 amabilitate,
537 3625 715 3706 Phaedrus,
738 3625 893 3708 Agatho,
915 3625 1127 3709 Charmides,

723 3757 726 3763 ’
1088 3765 1125 3812 err

228 3872 270 3946 (r)
290 3870 368 3934 Orat.
387 3878 449 3943 hl.
478 3950 481 3958 Ι

631 3928 758 4063 L4¹
