2618 4680
543 338 590 366 ι...
612 334 672 396 107
690 334 738 367 ’.ι-τ

106 527 108 541 ·
181 488 274 569 prodo
313 501 438 567 oportet
463 490 538 556 aliis
564 486 754 590 philosophi
780 497 982 584 memorandis
1016 497 1113 562 inter·

179 609 401 693 pretamdisque
427 611 466 675 de
487 628 590 675 amore
610 611 745 692 placitis.
774 590 862 694 'Age
889 613 1005 695 igitur,
1040 618 1115 680 alte·

179 747 247 794 rum
268 729 357 795 illum
373 729 548 812 aperiamus
565 730 702 796 Platonis
717 730 881 813 dialogum
909 732 1115 812 amatorium,

178 836 243 911 imo
274 846 427 911 intremus
453 848 636 915 convivium
661 849 759 931 illud,
791 868 855 930 quo
896 850 1018 914 nullum
1050 867 1117 912 urm

178 983 275 1045 qoam
289 965 474 1048 philosophi
493 967 691 1032 celebrarunt
708 967 818 1050 magis.
861 968 1040 1032 Occurrent
1060 984 1118 1031 nov

179 1082 231 1146 bis
253 1083 287 1148 in
308 1084 364 1149 illo
392 1102 463 1149 com
489 1085 567 1166 alii,
600 1085 655 1166 qui
683 1084 722 1150 de
746 1103 851 1149 amore
879 1085 994 1150 dicturi
1018 1088 1116 1163 sunt,

182 1212 251 1269 tum
273 1199 533 1280 Socrates,‹tum
555 1220 630 1266 vero
658 1201 749 1266 etiam
774 1201 855 1265 idem
877 1200 929 1265 ille
961 1200 1117 1265 Phaedrus

182 1331 302 1383 nomer.
344 1319 463 1400 Neque
495 1320 547 1383 hic
580 1336 653 1383 sane
690 1320 728 1383 ab
755 1318 848 1384 initio
887 1318 959 1382 inde
993 1315 1119 1398 exiguas

184 1435 279 1501 habet
300 1445 436 1517 partes?
462 1437 544 1501 Nam
563 1437 672 1499 auctor
697 1450 744 1500 est
759 1453 937 1501 sermonum
950 1434 1120 1514 omnium,

189 1567 271 1631 quos
298 1552 337 1618 de
355 1526 460 1615 amore
483 1536 640 1617 habebunt
657 1554 822 1619 convivaer
866 1552 918 1618 Sic
936 1552 1019 1617 eninr
1042 1570 1120 1617 con*

186 1666 276 1732 tincto
294 1663 543 1750 Erynimaehus:
566 1669 895 1751 Phaedrus,·inquit,
920 1688 1121 1752 saepenume»
1212 1706 1217 1719 ι

184 1803 220 1848 ro
255 1803 320 1848 me
338 1794 456 1849 coram
481 1787 612 1853 moleste
643 1786 738 1868 tulit,
770 1788 848 1852 alios
879 1780 1005 1869 quidem
1031 1790 1119 1853 Deos

182 1901 307 1987 hymnis
334 1916 366 1966 et
392 1903 540 1995 cantibus
569 1925 588 1968 a
613 1880 720 1987 poetis
745 1913 814 1969 esse'
846 1905 1015 1984 laudatos,
1036 1922 1123 1968 amo·

95 2057 101 2066 ·
182 2035 392 2101 remantem,
414 2024 506 2086 talem
538 2021 625 2084 illum
647 2040 682 2084 ac
709 2034 830 2084 tantum
862 2022 989 2098 Dcunm
1022 2040 1039 2083 a
1070 2034 1120 2084 tot

184 2138 269 2220 illis,
292 2139 346 2220 qui
363 2137 508 2220 fuerunt,
536 2139 639 2221 poetis
661 2139 801 2205 adhunc
824 2157 927 2220 usque
953 2136 1034 2201 diem
1053 2139 1123 2201 nul·

183 2259 246 2323 lom
269 2259 427 2340 accepisse
445 2247 634 2327 encomium.
680 2257 776 2344 Quod
796 2256 874 2323 mihi
897 2257 980 2340 juste
997 2255 1122 2320 videtur

182 2373 376 2456 indignatus.
421 2376 493 2455 Ego
528 2375 624 2458 igitur
652 2390 683 2439 et
712 2375 758 2438 illi
784 2374 948 2456 gratificari
975 2372 1070 2454 cupio
1090 2385 1123 2436 et

183 2511 244 2556 nos
270 2494 379 2556 decere
407 2491 564 2566 arbitror,
596 2505 633 2552 ut
659 2506 766 2553 nostra
799 2490 917 2570 quique
947 2488 1016 2552 vice
1038 2506 1123 2550 arno-
1218 2501 1223 2507 ·

186 2624 251 2674 rem
279 2606 485 2669 celebremus.
527 2604 663 2669 Primus·
690 2619 793 2668 autam
828 2604 986 2669 Phaedrus
1015 2605 1122 2682 dicat,

189 2722 317 2805 quippe·
340 2723 395 2804 qui
421 2737 452 2791 et
483 2721 610 2804 primus
634 2720 790 2786 accumbit
811 2734 842 2784 ct
869 2734 955 2802 pater
985 2736 1033 2785 est
1061 2741 1125 2785 ser·

186 2840 290 2905 monis
314 2842 421 2926 hujus.
472 2840 571 2928 Quod
598 2853 767 2922 postquam
791 2852 900 2905 omnes
924 2840 1121 2922 probarunt,

183 2959 229 3024 sic
255 2958 307 3023 ille
326 2957 402 3025 facit
429 2959 553 3025 dicendi
584 2957 744 3024 initium·
769 2943 920 3024 Amorem
953 2979 1021 3025 csse
1046 2978 1122 3026 con-

129 3158 132 3165 ·
184 3076 286 3141 tendit
307 3079 446 3148 Deorum
469 3080 609 3148 omnium
630 3079 856 3147 veterrimum:
881 3079 963 3144 haud
986 3080 1122 3144 celebra-

184 3190 212 3256 ri
254 3192 334 3256 enim
368 3195 434 3277 ejus
461 3211 619 3276 parentes.
670 3198 753 3263 Nam
784 3197 959 3262 Hesiodum
997 3197 1122 3275 dicere,

185 3307 320 3389 primum
337 3313 494 3404 exstitisse
516 3315 647 3396 Chaos,
671 3330 736 3380 tum
757 3315 886 3379 Terram
909 3325 940 3374 et
952 3312 1122 3389 Amorem,

185 3425 332 3506 idemque
353 3426 498 3494 affirmare
525 3433 737 3498 Parmeniden
767 3445 798 3494 et
828 3421 973 3492 assentiri
1009 3426 1124 3490 Acusi-
1218 3440 1221 3446 “

183 3545 280 3610 laum.
308 3544 339 3590 θ)
360 3543 435 3628 Quo
461 3549 588 3630 respicit
607 3550 767 3616 Phaedrus
784 3517 1025 3627 philosophema
1044 3545 1123 3609 ariti-

1025 3682 1122 3742 quum

219 3781 259 3849 (1)
280 3780 446 3837 parmenidis
463 3781 625 3835 mentionem
645 3782 763 3832 retinere
782 3795 830 3829 nos
845 3776 922 3848 jubet
943 3793 1003 3828 oum
1026 3777 1119 3847 Syrop.

188 3867 235 3940 195
256 3875 300 3936 G,
322 3884 376 3926 ium
398 3854 563 3943 subsequens
581 3856 654 3926 οὸτώ
674 3862 886 3956 πολλιχιόθεν).
901 3871 957 3959 ium
984 3856 1043 3961 ¹tola
1066 3863 1119 3977 lpu-

187 3964 230 4034 jus
254 3965 383 4018 orationis
398 3965 478 4017 ratio.
836 3968 843 3977 '
1045 3964 1051 3978 ⁸
