2618 4680
553 253 731 317 ...ῃ-

182 422 250 487 sine
269 438 307 486 eo
326 420 534 485 instrumento
552 419 592 483 ad
610 420 705 483 ullam
727 434 791 481 rem
809 415 1009 482 illustriorem
1033 410 1115 481 satis

183 551 314 604 ornatus
334 537 440 619 possit
454 536 610 601 accedere.
653 533 707 601 Ab
736 533 787 599 his
810 547 973 612 oratores,
991 530 1031 596 ab
1059 529 1114 597 his

180 652 386 737 imperatores
419 672 455 717 ac
485 671 592 718 rerum
630 651 823 734 publicarum
862 649 1017 732 principes
1057 666 1116 712 ex·

181 766 346 834 stiterunt:
371 782 407 832 ut
424 768 464 832 ad
481 766 600 833 minora
624 767 767 847 venum,
786 765 1013 844 mathematici,
1034 768 1116 846 poe·

181 897 254 965 tae,
275 882 411 961 musici,
432 881 542 949 medici
568 882 703 966 denique
728 900 767 947 ex
790 885 852 947 hae
881 899 1042 967 tamquam
1072 901 1117 945 es

182 1000 316 1064 omnium
346 1002 469 1063 artium
502 1002 620 1087 officina
649 998 784 1084 profecti
814 1000 927 1065 sunt.”
967 999 1012 1065 Et
1036 1013 1118 1065 veto

183 1114 319 1196 strabo,
340 1115 484 1196 quamvis
511 1117 594 1181 haud
616 1116 794 1199 improbans
821 1134 928 1179 eorum
945 1127 1121 1179 consuetu·

181 1230 309 1314 dmem,
327 1233 381 1315 qui
404 1232 635 1317 philosophiam
656 1232 811 1297 vocabant
822 1250 922 1295 rerum
940 1230 1121 1296 ditinarum

182 1353 215 1405 et
239 1340 441 1407 humanarum
465 1344 649 1424 etiamdum,
671 1356 796 1421 tamen,
817 1339 851 1404 in
878 1340 1033 1422 praeclaro
1059 1337 1120 1413 illo

185 1456 291 1541 operis
322 1458 478 1540 exordio,
510 1459 571 1525 hoc
599 1458 730 1526 maxine
760 1456 846 1540 egit,
878 1470 915 1521 ut
944 1454 1122 1521 ubertatem

184 1574 373 1654 praedicaret
401 1575 643 1656 philosophiae,
665 1575 760 1658 ipsam
794 1578 871 1642 adeo
897 1572 1124 1657 geographiam

184 1709 222 1755 es
243 1707 279 1754 ea
300 1687 470 1755 effloruisse
492 1691 729 1756 demonstraret.

225 1804 298 1871 Hoc
318 1820 420 1871 autem
443 1806 604 1889 indagandi
624 1806 902 1889 cognoscendique
927 1803 1065 1871 studium
1083 1802 1123 1869 in

181 1920 306 2007 scriptis
333 1921 474 1989 Platonis
505 1922 683 1990 dominatur
710 1924 813 2007 plane.
866 1921 961 1988 Haud
986 1919 1123 1986 courlere

181 2055 314 2107 conatur
344 2041 515 2108 doctrinam
544 2041 707 2122 qttamdam
738 2040 807 2107 sive
835 2055 996 2124 systema,
1030 2040 1123 2120 quod

179 2171 240 2221 nos
269 2174 440 2234 vocamus,
468 2156 525 2221 sed
557 2156 716 2221 Socratem
746 2169 778 2219 et
807 2156 885 2221 alios
915 2155 960 2219 sic
993 2154 1118 2221 inducit

115 2290 128 2309 ·
180 2286 231 2335 res
264 2268 460 2350 gravissimas
492 2269 708 2351 perquirentes
733 2284 764 2334 et
803 2269 1050 2351 investigantes,
1078 2287 1117 2338 ut

124 2364 125 2367 Ἴ
179 2382 264 2453 dicas
301 2383 458 2466 subinde,
489 2385 547 2452 hac
584 2405 653 2450 eum
683 2383 905 2466 disquisitione
929 2400 1116 2457 contentum

178 2497 291 2571 fuisse.
336 2501 476 2571 Instituit
494 2506 603 2588 longas
626 2502 759 2569 subinde
778 2504 817 2568 de
831 2517 957 2584 sancto,
979 2505 1018 2569 de
1036 2519 1134 2583 rems

173 2623 349 2711 perantia,
372 2621 410 2688 de
438 2624 568 2689 scientia
597 2620 846 2705 disputationes,
868 2616 901 2663 (¹)
930 2595 1046 2701 quibus
1066 2634 1117 2687 te·

180 2756 271 2821 men,
293 2739 324 2805 in
355 2739 470 2821 dialogi
491 2741 645 2823 cujusque
666 2739 749 2819 fine,
778 2737 855 2820 quid
873 2734 997 2816 singula
1021 2735 1113 2820 sint,

174 2864 243 2921 'non
261 2852 402 2919 efficitur.
438 2856 473 2919 In
492 2855 559 2919 aliis
583 2853 708 2935 scriptis
729 2852 931 2935 propositum
950 2868 1114 2932 argumen-

177 2980 245 3033 tum
276 2981 348 3048 upte
374 2969 528 3049 explicat,
551 2965 582 3013 (²)
604 2967 659 3031 sed
688 2967 730 3031 ita
752 2968 812 3032 hoc
845 2964 910 3033 fere
928 2964 1111 3052 peragitur,

176 3096 213 3152 ut
255 3080 475 3165 distinguendo
516 3079 784 3166 disquirendoque
826 3103 864 3150 eo
899 3082 1110 3169 perveniatur.
1216 3064 1219 3069 ⁵

179 3199 315 3271 Protulit
346 3198 474 3265 omniuo
494 3199 659 3265 scribendo
684 3199 849 3283 opiniones
868 3220 939 3267 suas
960 3201 1111 3293 derebus

179 3317 295 3387 divinis
316 3331 347 3386 et
367 3315 534 3395 humenis,
557 3316 620 3383 into
638 3317 785 3399 probavit
806 3337 856 3384 eas
886 3333 917 3384 et
946 3317 985 3387 ab
1005 3322 1115 3387 adver·

179 3435 329 3504 sariorum
363 3432 566 3519 opinionibus
603 3433 764 3516 defendit,
796 3433 911 3501 sedin
939 3436 1007 3521 ipsa
1033 3437 1111 3504 adeo
1185 3453 1189 3458 ·

999 3553 1113 3621 hac·

215 3698 254 3766 (t)
277 3696 307 3752 in
327 3700 477 3774 liutpphn,
498 3704 626 3772 Cheru..
648 3701 759 3759 Threel.
798 3705 838 3776 (a)
859 3706 903 3767 Dr
918 3704 1023 3776 justitia
1037 3721 1111 3771 pe.

177 3785 206 3840 in
225 3782 331 3839 l‘olnh.
