2618 4680
552 315 748 380 ...134-

88 552 92 557 q
180 479 351 560 limumque
384 500 453 545 eum
482 480 619 558 efficiunt
646 482 718 546 Deo
750 499 824 547 suo.
848 475 879 520 (ὓ
925 479 976 546 Sic
1008 493 1117 542 amans

182 614 341 678 arnatum,
363 597 454 678 quasi
466 598 517 662 hic
531 600 619 664 Deus
638 598 681 662 sit
697 597 782 680 ipsi,
804 612 960 679 tamquam
979 611 1117 660 statuam

180 712 329 779 itsormat
351 730 382 780 ct
397 730 527 779 exornat
544 762 558 796 ‚
575 730 689 797 utpote
708 717 853 780 culturus
871 733 944 779 eum
962 710 1119 792 festisque

183 831 410 896 celebraturus.
435 831 467 876 (¹)

231 947 302 1012 Nec
322 962 424 1012 tamen
440 946 482 1013 ita
503 950 655 1015 continuo
678 967 739 1014 suo
760 949 897 1031 quisque
913 946 1029 1012 amasio
1046 963 1124 1030 pro·

187 1064 270 1130 dest.
311 1065 396 1130 Nam
413 1081 449 1133 ut
473 1067 609 1151 primum
637 1066 711 1148 quis
740 1066 882 1148 adspexit
911 1065 1052 1130 divinum
1083 1063 1123 1127 il·
1161 1132 1166 1141 ,

190 1185 256 1247 lum
285 1185 432 1265 vultum,
474 1185 529 1266 qui
551 1182 650 1266 spirat
669 1204 828 1266 amorem,
874 1163 1124 1265 germinantibus

188 1299 270 1378 alis,
289 1296 398 1365 furore
415 1301 586 1387 corripitur
605 1301 904 1382 vehementissimo,
926 1320 983 1366 nec
1004 1299 1055 1366 sui
1073 1312 1125 1365 est

187 1436 334 1502 compos.
396 1418 547 1501 Optimus
593 1404 688 1485 etiam
722 1417 916 1499 libidinem,
963 1434 1123 1498 tamquam

190 1554 306 1615 equum
335 1535 564 1616 ferocientem,
594 1554 684 1618 aegre
713 1536 841 1615 domat,
863 1552 895 1599 et
919 1535 981 1600 nisi
1003 1551 1124 1618 tempe·

190 1650 288 1716 tantia
321 1667 353 1716 et
386 1649 566 1732 fortitudo,
598 1671 660 1716 una
696 1673 770 1718 cum
810 1653 1001 1735 prudentia,
1019 1652 1124 1735 ipsius
1184 1731 1187 1734 Δ

187 1765 222 1832 in
239 1767 343 1832 animo
375 1767 540 1850 vigerent,
571 1766 662 1833 freno
693 1775 838 1836 coercere
866 1770 1027 1836 libidinem
1054 1772 1126 1835 nul-

186 1887 222 1952 lo
249 1886 345 1952 modo
370 1899 493 1970 posset.
525 1885 588 1952 Sed
611 1885 712 1952 vincit
732 1887 898 1969 prudentia
924 1906 996 1952 cum
1020 1885 1126 1954 studio

188 2004 340 2084 honesti,
362 2021 491 2086 quoque
511 2003 580 2086 ipse
609 2001 745 2087 agitatur
770 2023 897 2083 amore,
919 2006 1028 2070 eodem
1059 2007 1124 2089 jam

189 2121 306 2188 imbuit
318 2119 481 2187 amasium.
523 2120 607 2186 Nam
619 2135 656 2186 ut
672 2120 711 2186 ab
729 2122 792 2186 hoc
813 2121 954 2203 suscepit
972 2141 1030 2204 per
1047 2141 1126 2187 ocu·

147 2282 148 2286 =
187 2241 241 2304 los
269 2235 490 2320 pulcritudinis
521 2235 704 2316 effluvium,
738 2258 802 2318 quo
821 2238 950 2304 incaluit
968 2252 1125 2323 totusque

186 2370 236 2423 est
256 2366 492 2433 commutatus,
513 2352 560 2418 sic
584 2353 671 2419 venti
699 2352 796 2419 instar
824 2369 879 2420 aut
896 2357 1016 2438 ethus,
1044 2357 1126 2421 redit

186 2474 278 2542 hicce
309 2475 405 2560 ἵμερος
431 2473 471 2540 ab
493 2485 614 2540 amante
643 2473 677 2538 in
705 2471 814 2538 amasii
838 2473 998 2553 animum,
1039 2493 1125 2539 eum·

187 2613 251 2677 que
276 2591 388 2676 implet
417 2611 521 2660 amore
547 2607 580 2658 et
607 2566 698 2674 quasi
719 2590 827 2672 irrigat
848 2589 1057 2672 emollitque,
1089 2604 1125 2657 ut

183 2714 303 2799 pariter
328 2711 469 2780 oriantur
485 2715 562 2779 alae.
610 2710 705 2777 Amat
723 2709 767 2774 ita
781 2723 812 2772 et
835 2709 949 2786 hicce,
972 2708 1030 2773 sed
1050 2706 1149 2790 quid'

182 2845 286 2909 amet,
306 2829 497 2909 nescit,nec
518 2840 627 2908 potest
641 2826 816 2904 declarare,
836 2824 915 2905 quid
935 2823 998 2906 ipsi
1012 2841 1126 2890 evene-

182 2944 239 3010 rit.
290 2943 343 3028 Fit
373 2958 476 3009 autem
513 2955 625 3006 mutuo
660 2955 691 3005 et
722 2939 886 3022 reciproco
914 2959 1046 3021 amore,
1087 2955 1127 3006 ut

183 3072 343 3141 tamquam
371 3058 404 3123 in
422 3061 574 3141 speculo,
596 3058 643 3123 sic
673 3057 706 3123 in
730 3071 874 3140 amante,
896 3075 994 3124 semet
1016 3043 1124 3142 ipsum

179 3173 351 3262 adspiciat:
373 3176 470 3260 ὥσπερ
493 3181 519 3247 δ’
540 3180 570 3246 ἐν
590 3180 747 3262 κατόπτρῳ
770 3181 801 3246 ἕν
821 3181 864 3263 τῷ
890 3181 978 3261 istinc
1003 3181 1123 3249 {aurive

176 3299 251 3384 tlon
270 3298 387 3376 λέληθε.
413 3292 445 3340 <³³
485 3294 612 3360 Absens
631 3293 729 3378 igitur
744 3292 899 3359 desiderat
913 3311 1003 3376 eum,
1024 3309 1064 3360 ut
1083 3293 1125 3361 ab

179 3431 220 3479 co
243 3412 436 3480 desideratur
464 3410 626 3490 vicissim,
668 3429 727 3478 nec
755 3407 927 3495 quidquam
954 3409 1047 3493 cupit
1070 3430 1128 3480 ve·

181 3530 383 3615 hementius,
416 3549 509 3614 quam
531 3545 567 3596 ut
585 3549 708 3614 semper
732 3549 859 3597 tumeo
885 3528 932 3600 sit
957 3544 1034 3594 una.
1079 3527 1128 3598 Et

1068 3662 1124 3720 ,sle

211 3788 262 3861 (ι)
280 3765 396 3846 nieme.
420 3790 471 3847 252
499 3796 586 3851 C-
609 3789 670 3846 255·
755 3778 907 3861 (aliod.
933 3779 985 3837 25!
1005 3776 1049 3838 D.
1119 3820 1124 3833 .

200 3880 257 3960 ’(5)
272 3879 387 3935 emate.
408 3881 457 3936 23⁶
475 3881 513 3934 D.
