<?xml version="1.0" encoding="UTF-8"?>
<!DOCTYPE html PUBLIC "-//W3C//DTD XHTML 1.0 Transitional//EN"
    "http://www.w3.org/TR/xhtml1/DTD/xhtml1-transitional.dtd">
<html xmlns="http://www.w3.org/1999/xhtml" xml:lang="en" lang="en">
 <head>
  <title>
</title>
<meta http-equiv="Content-Type" content="text/html;charset=utf-8" />
  <meta name='ocr-system' content='tesseract 3.04.00' />
  <meta name='ocr-capabilities' content='ocr_page ocr_carea ocr_par ocr_line ocrx_word'/>
</head>
<body>
  <div class='ocr_page' id='page_1' title='image "./initiaphilosoph03heusgoog_0069.png"; bbox 0 0 2618 4658; ppageno 0'>
   <div class='ocr_carea' id='block_1_1' title="bbox 677 278 851 343">
    <p class='ocr_par' dir='ltr' id='par_1_1' title="bbox 677 278 851 343">
     <span class='ocr_line' id='line_1_1' title="bbox 677 278 851 343; baseline -0.006 -13"><span class='ocrx_word' id='word_1_1' title='bbox 677 278 851 343; x_wconf 67' lang='lat'><strong>...⁶2-</strong></span> 
     </span>
    </p>
   </div>
   <div class='ocr_carea' id='block_1_2' title="bbox 300 450 1234 542">
    <p class='ocr_par' dir='ltr' id='par_1_2' title="bbox 300 450 1234 542">
     <span class='ocr_line' id='line_1_2' title="bbox 300 450 1234 542; baseline 0.001 -21"><span class='ocrx_word' id='word_1_2' title='bbox 300 450 408 542; x_wconf 69' lang='lat' dir='ltr'>luctui</span> <span class='ocrx_word' id='word_1_3' title='bbox 432 469 615 540; x_wconf 74' lang='lat' dir='ltr'>tenpestate</span> <span class='ocrx_word' id='word_1_4' title='bbox 636 457 850 541; x_wconf 83' lang='lat' dir='ltr'>confugimus.</span> <span class='ocrx_word' id='word_1_5' title='bbox 875 457 907 505; x_wconf 68' lang='lat'>⁰&gt;</span> <span class='ocrx_word' id='word_1_6' title='bbox 945 453 1152 540; x_wconf 74' lang='lat' dir='ltr'>Philosophia</span> <span class='ocrx_word' id='word_1_7' title='bbox 1170 454 1234 524; x_wconf 79' lang='lat' dir='ltr'>aci·</span> 
     </span>
    </p>
   </div>
   <div class='ocr_carea' id='block_1_3' title="bbox 302 572 1233 765">
    <p class='ocr_par' dir='ltr' id='par_1_3' title="bbox 302 572 1233 765">
     <span class='ocr_line' id='line_1_3' title="bbox 303 572 1233 641; baseline 0.002 -2"><span class='ocrx_word' id='word_1_8' title='bbox 303 572 377 639; x_wconf 83' lang='lat' dir='ltr'>licet</span> <span class='ocrx_word' id='word_1_9' title='bbox 404 573 535 640; x_wconf 82' lang='lat' dir='ltr'>cultura</span> <span class='ocrx_word' id='word_1_10' title='bbox 561 586 609 639; x_wconf 84' lang='lat' dir='ltr'>est</span> <span class='ocrx_word' id='word_1_11' title='bbox 634 573 740 640; x_wconf 87' lang='lat' dir='ltr'>animi.</span> <span class='ocrx_word' id='word_1_12' title='bbox 784 574 870 640; x_wconf 82' lang='lat' dir='ltr'>Haec</span> <span class='ocrx_word' id='word_1_13' title='bbox 898 573 1030 641; x_wconf 81' lang='lat' dir='ltr'>extrahit</span> <span class='ocrx_word' id='word_1_14' title='bbox 1057 572 1133 640; x_wconf 83' lang='lat' dir='ltr'>vitia</span> <span class='ocrx_word' id='word_1_15' title='bbox 1149 574 1233 641; x_wconf 82' lang='lat' dir='ltr'>radl-</span> 
     </span>
     <span class='ocr_line' id='line_1_4' title="bbox 302 677 1230 765; baseline 0.001 -20"><span class='ocrx_word' id='word_1_16' title='bbox 302 677 385 745; x_wconf 85' lang='lat' dir='ltr'>citns</span> <span class='ocrx_word' id='word_1_17' title='bbox 419 694 450 745; x_wconf 84' lang='lat' dir='ltr'>et</span> <span class='ocrx_word' id='word_1_18' title='bbox 475 694 641 763; x_wconf 83' lang='lat' dir='ltr'>praeparat</span> <span class='ocrx_word' id='word_1_19' title='bbox 673 679 793 746; x_wconf 87' lang='lat' dir='ltr'>animos</span> <span class='ocrx_word' id='word_1_20' title='bbox 820 684 860 747; x_wconf 88' lang='lat' dir='ltr'>ad</span> <span class='ocrx_word' id='word_1_21' title='bbox 888 690 974 747; x_wconf 76' lang='lat' dir='ltr'>attus</span> <span class='ocrx_word' id='word_1_22' title='bbox 1003 680 1230 765; x_wconf 78' lang='lat' dir='ltr'>accipiendoos</span> 
     </span>
    </p>
   </div>
   <div class='ocr_carea' id='block_1_4' title="bbox 238 796 1237 3320">
    <p class='ocr_par' dir='ltr' id='par_1_4' title="bbox 238 796 1237 3320">
     <span class='ocr_line' id='line_1_5' title="bbox 300 796 1231 880; baseline -0.002 -17"><span class='ocrx_word' id='word_1_23' title='bbox 300 815 398 880; x_wconf 83' lang='lat' dir='ltr'>eaque</span> <span class='ocrx_word' id='word_1_24' title='bbox 425 797 546 863; x_wconf 86' lang='lat' dir='ltr'>mandat</span> <span class='ocrx_word' id='word_1_25' title='bbox 570 796 645 880; x_wconf 81' lang='lat' dir='ltr'>lais,</span> <span class='ocrx_word' id='word_1_26' title='bbox 674 813 728 880; x_wconf 90' lang='lat' dir='ltr'>et,</span> <span class='ocrx_word' id='word_1_27' title='bbox 756 813 791 864; x_wconf 88' lang='lat' dir='ltr'>ut</span> <span class='ocrx_word' id='word_1_28' title='bbox 820 798 862 863; x_wconf 87' lang='lat' dir='ltr'>ita</span> <span class='ocrx_word' id='word_1_29' title='bbox 888 799 1009 879; x_wconf 87' lang='lat' dir='ltr'>dicam,</span> <span class='ocrx_word' id='word_1_30' title='bbox 1031 796 1126 878; x_wconf 86' lang='lat' dir='ltr'>serit,</span> <span class='ocrx_word' id='word_1_31' title='bbox 1148 813 1231 879; x_wconf 87' lang='lat' dir='ltr'>quae</span> 
     </span>
     <span class='ocr_line' id='line_1_6' title="bbox 298 912 1237 996; baseline -0.001 -17"><span class='ocrx_word' id='word_1_32' title='bbox 298 915 402 980; x_wconf 81' lang='lat' dir='ltr'>adulta</span> <span class='ocrx_word' id='word_1_33' title='bbox 420 912 542 980; x_wconf 84' lang='lat' dir='ltr'>fructus</span> <span class='ocrx_word' id='word_1_34' title='bbox 571 914 743 981; x_wconf 85' lang='lat' dir='ltr'>uberrimos</span> <span class='ocrx_word' id='word_1_35' title='bbox 772 913 889 982; x_wconf 84' lang='lat' dir='ltr'>ferant..</span> <span class='ocrx_word' id='word_1_36' title='bbox 909 915 940 959; x_wconf 69' lang='grc' dir='ltr'>ω</span> <span class='ocrx_word' id='word_1_37' title='bbox 980 915 1155 996; x_wconf 65' lang='grc' dir='ltr'>Νιιηῳιαιη</span> <span class='ocrx_word' id='word_1_38' title='bbox 1170 912 1237 996; x_wconf 76' lang='lat' dir='ltr'>igi·‘</span> 
     </span>
     <span class='ocr_line' id='line_1_7' title="bbox 291 1019 1228 1116; baseline 0.003 -22"><span class='ocrx_word' id='word_1_39' title='bbox 291 1043 352 1095; x_wconf 84' lang='lat' dir='ltr'>tur</span> <span class='ocrx_word' id='word_1_40' title='bbox 383 1029 460 1096; x_wconf 88' lang='lat' dir='ltr'>satis</span> <span class='ocrx_word' id='word_1_41' title='bbox 487 1025 582 1116; x_wconf 80' lang='lat' dir='ltr'>digne</span> <span class='ocrx_word' id='word_1_42' title='bbox 616 1027 730 1099; x_wconf 84' lang='lat' dir='ltr'>laudari</span> <span class='ocrx_word' id='word_1_43' title='bbox 764 1027 965 1116; x_wconf 82' lang='lat' dir='ltr'>philosophia</span> <span class='ocrx_word' id='word_1_44' title='bbox 995 1030 1142 1116; x_wconf 80' lang='lat' dir='ltr'>poterit,</span> <span class='ocrx_word' id='word_1_45' title='bbox 1173 1019 1228 1097; x_wconf 82' lang='lat' dir='ltr'>cni</span> 
     </span>
     <span class='ocr_line' id='line_1_8' title="bbox 299 1146 1229 1232; baseline -0.001 -17"><span class='ocrx_word' id='word_1_46' title='bbox 299 1147 353 1229; x_wconf 89' lang='lat' dir='ltr'>qui</span> <span class='ocrx_word' id='word_1_47' title='bbox 368 1163 493 1232; x_wconf 84' lang='lat' dir='ltr'>pareat,</span> <span class='ocrx_word' id='word_1_48' title='bbox 513 1169 606 1216; x_wconf 89' lang='lat' dir='ltr'>omne</span> <span class='ocrx_word' id='word_1_49' title='bbox 632 1165 755 1232; x_wconf 86' lang='lat' dir='ltr'>nentpus</span> <span class='ocrx_word' id='word_1_50' title='bbox 778 1148 884 1214; x_wconf 70' lang='lat' dir='ltr'>anatis</span> <span class='ocrx_word' id='word_1_51' title='bbox 903 1146 972 1213; x_wconf 90' lang='lat' dir='ltr'>sine</span> <span class='ocrx_word' id='word_1_52' title='bbox 991 1150 1133 1214; x_wconf 85' lang='lat' dir='ltr'>molesnu</span> <span class='ocrx_word' id='word_1_53' title='bbox 1154 1158 1229 1232; x_wconf 77' lang='lat' dir='ltr'>poa·</span> 
     </span>
     <span class='ocr_line' id='line_1_9' title="bbox 296 1264 1231 1348; baseline 0.001 -19"><span class='ocrx_word' id='word_1_54' title='bbox 296 1264 339 1330; x_wconf 86' lang='lat' dir='ltr'>sit</span> <span class='ocrx_word' id='word_1_55' title='bbox 371 1264 493 1348; x_wconf 83' lang='lat' dir='ltr'>degere.</span> <span class='ocrx_word' id='word_1_56' title='bbox 517 1265 550 1314; x_wconf 72' lang='lat'>&lt;⁰</span> <span class='ocrx_word' id='word_1_57' title='bbox 597 1266 708 1348; x_wconf 86' lang='lat' dir='ltr'>Itaque</span> <span class='ocrx_word' id='word_1_58' title='bbox 746 1265 835 1331; x_wconf 90' lang='lat' dir='ltr'>nullo</span> <span class='ocrx_word' id='word_1_59' title='bbox 867 1280 934 1330; x_wconf 89' lang='lat' dir='ltr'>non</span> <span class='ocrx_word' id='word_1_60' title='bbox 960 1264 1086 1330; x_wconf 87' lang='lat' dir='ltr'>laudum</span> <span class='ocrx_word' id='word_1_61' title='bbox 1117 1280 1231 1345; x_wconf 76' lang='lat' dir='ltr'>genere</span> 
     </span>
     <span class='ocr_line' id='line_1_10' title="bbox 295 1379 1231 1465; baseline -0.002 -17"><span class='ocrx_word' id='word_1_62' title='bbox 295 1401 360 1448; x_wconf 84' lang='lat' dir='ltr'>etur</span> <span class='ocrx_word' id='word_1_63' title='bbox 380 1383 575 1450; x_wconf 83' lang='lat' dir='ltr'>celebrarunt</span> <span class='ocrx_word' id='word_1_64' title='bbox 598 1381 740 1465; x_wconf 78' lang='lat' dir='ltr'>antiqui:</span> <span class='ocrx_word' id='word_1_65' title='bbox 773 1396 809 1448; x_wconf 91' lang='lat' dir='ltr'>ut</span> <span class='ocrx_word' id='word_1_66' title='bbox 833 1381 948 1448; x_wconf 89' lang='lat' dir='ltr'>Cicero</span> <span class='ocrx_word' id='word_1_67' title='bbox 975 1379 1156 1446; x_wconf 85' lang='lat' dir='ltr'>nobilisimo</span> <span class='ocrx_word' id='word_1_68' title='bbox 1179 1383 1231 1446; x_wconf 79' lang='lat' dir='ltr'>lo·</span> 
     </span>
     <span class='ocr_line' id='line_1_11' title="bbox 293 1494 1230 1586; baseline -0.002 -22"><span class='ocrx_word' id='word_1_69' title='bbox 293 1517 333 1564; x_wconf 89' lang='lat' dir='ltr'>co</span> <span class='ocrx_word' id='word_1_70' title='bbox 366 1499 398 1563; x_wconf 92' lang='lat' dir='ltr'>in</span> <span class='ocrx_word' id='word_1_71' title='bbox 424 1499 672 1586; x_wconf 86' lang='lat' dir='ltr'>Quaestionibus</span> <span class='ocrx_word' id='word_1_72' title='bbox 695 1499 899 1567; x_wconf 75' lang='lat' dir='ltr'>Tusculanis.</span> <span class='ocrx_word' id='word_1_73' title='bbox 921 1497 956 1550; x_wconf 64' lang='grc' dir='ltr'>ω</span> <span class='ocrx_word' id='word_1_74' title='bbox 997 1494 1028 1566; x_wconf 93' lang='grc' dir='ltr'>Ο</span> <span class='ocrx_word' id='word_1_75' title='bbox 1055 1498 1137 1566; x_wconf 81' lang='lat' dir='ltr'>vitae</span> <span class='ocrx_word' id='word_1_76' title='bbox 1157 1496 1230 1581; x_wconf 85' lang='lat' dir='ltr'>phi·</span> 
     </span>
     <span class='ocr_line' id='line_1_12' title="bbox 293 1612 1229 1699; baseline 0.002 -21"><span class='ocrx_word' id='word_1_77' title='bbox 293 1612 438 1695; x_wconf 85' lang='lat' dir='ltr'>losophia</span> <span class='ocrx_word' id='word_1_78' title='bbox 465 1613 551 1680; x_wconf 84' lang='lat' dir='ltr'>duxi</span> <span class='ocrx_word' id='word_1_79' title='bbox 583 1633 605 1678; x_wconf 92' lang='lat' dir='ltr'>o</span> <span class='ocrx_word' id='word_1_80' title='bbox 636 1615 762 1679; x_wconf 85' lang='lat' dir='ltr'>virtutis</span> <span class='ocrx_word' id='word_1_81' title='bbox 790 1616 988 1698; x_wconf 77' lang='lat' dir='ltr'>indagatrix,</span> <span class='ocrx_word' id='word_1_82' title='bbox 1010 1613 1229 1699; x_wconf 74' lang='lat' dir='ltr'>expultrixque</span> 
     </span>
     <span class='ocr_line' id='line_1_13' title="bbox 291 1728 1231 1814; baseline 0.003 -20"><span class='ocrx_word' id='word_1_83' title='bbox 291 1728 459 1794; x_wconf 82' lang='lat' dir='ltr'>vitioruml</span> <span class='ocrx_word' id='word_1_84' title='bbox 489 1728 576 1814; x_wconf 89' lang='lat' dir='ltr'>Quid</span> <span class='ocrx_word' id='word_1_85' title='bbox 602 1744 667 1793; x_wconf 90' lang='lat' dir='ltr'>non</span> <span class='ocrx_word' id='word_1_86' title='bbox 693 1729 787 1794; x_wconf 90' lang='lat' dir='ltr'>modo</span> <span class='ocrx_word' id='word_1_87' title='bbox 811 1748 897 1811; x_wconf 86' lang='lat' dir='ltr'>nos,</span> <span class='ocrx_word' id='word_1_88' title='bbox 918 1729 976 1796; x_wconf 84' lang='lat' dir='ltr'>seo</span> <span class='ocrx_word' id='word_1_89' title='bbox 1002 1729 1131 1796; x_wconf 86' lang='lat' dir='ltr'>omnino</span> <span class='ocrx_word' id='word_1_90' title='bbox 1160 1730 1231 1797; x_wconf 76' lang='lat' dir='ltr'>vita</span> 
     </span>
     <span class='ocr_line' id='line_1_14' title="bbox 291 1840 1235 1930; baseline 0 -18"><span class='ocrx_word' id='word_1_91' title='bbox 291 1844 453 1912; x_wconf 89' lang='lat' dir='ltr'>hominum</span> <span class='ocrx_word' id='word_1_92' title='bbox 483 1846 603 1912; x_wconf 89' lang='lat' dir='ltr'>sinete</span> <span class='ocrx_word' id='word_1_93' title='bbox 625 1860 694 1913; x_wconf 84' lang='lat' dir='ltr'>ease</span> <span class='ocrx_word' id='word_1_94' title='bbox 716 1844 899 1930; x_wconf 67' lang='lat' dir='ltr'>potuisset?</span> <span class='ocrx_word' id='word_1_95' title='bbox 920 1878 968 1902; x_wconf 88' lang='lat'>··-</span> <span class='ocrx_word' id='word_1_96' title='bbox 997 1847 1039 1911; x_wconf 82' lang='lat' dir='ltr'>ad</span> <span class='ocrx_word' id='word_1_97' title='bbox 1059 1860 1090 1910; x_wconf 90' lang='lat' dir='ltr'>te</span> <span class='ocrx_word' id='word_1_98' title='bbox 1111 1840 1235 1912; x_wconf 73' lang='lat' dir='ltr'>confit·-</span> 
     </span>
     <span class='ocr_line' id='line_1_15' title="bbox 273 1956 1230 2048; baseline 0.005 -22"><span class='ocrx_word' id='word_1_99' title='bbox 273 1963 417 2048; x_wconf 82' lang='lat' dir='ltr'>-glmus,</span> <span class='ocrx_word' id='word_1_100' title='bbox 446 1980 517 2030; x_wconf 84' lang='lat' dir='ltr'>ate</span> <span class='ocrx_word' id='word_1_101' title='bbox 535 1980 626 2048; x_wconf 86' lang='lat' dir='ltr'>opem</span> <span class='ocrx_word' id='word_1_102' title='bbox 646 1956 794 2046; x_wconf 86' lang='lat' dir='ltr'>perimus.</span> <span class='ocrx_word' id='word_1_103' title='bbox 837 1962 901 2031; x_wconf 82' lang='lat' dir='ltr'>Est</span> <span class='ocrx_word' id='word_1_104' title='bbox 918 1977 1021 2029; x_wconf 81' lang='lat' dir='ltr'>autern</span> <span class='ocrx_word' id='word_1_105' title='bbox 1048 1979 1131 2029; x_wconf 87' lang='lat' dir='ltr'>unus</span> <span class='ocrx_word' id='word_1_106' title='bbox 1157 1961 1230 2031; x_wconf 82' lang='lat' dir='ltr'>dier</span> 
     </span>
     <span class='ocr_line' id='line_1_16' title="bbox 291 2077 1230 2164; baseline 0.001 -18"><span class='ocrx_word' id='word_1_107' title='bbox 291 2081 371 2149; x_wconf 89' lang='lat' dir='ltr'>bene</span> <span class='ocrx_word' id='word_1_108' title='bbox 401 2097 433 2148; x_wconf 92' lang='lat' dir='ltr'>et</span> <span class='ocrx_word' id='word_1_109' title='bbox 458 2102 497 2148; x_wconf 85' lang='lat' dir='ltr'>err</span> <span class='ocrx_word' id='word_1_110' title='bbox 522 2080 697 2164; x_wconf 86' lang='lat' dir='ltr'>praeceptis</span> <span class='ocrx_word' id='word_1_111' title='bbox 721 2079 800 2146; x_wconf 81' lang='lat' dir='ltr'>tuis</span> <span class='ocrx_word' id='word_1_112' title='bbox 815 2094 903 2147; x_wconf 88' lang='lat' dir='ltr'>actus</span> <span class='ocrx_word' id='word_1_113' title='bbox 930 2079 1072 2164; x_wconf 86' lang='lat' dir='ltr'>peccanti</span> <span class='ocrx_word' id='word_1_114' title='bbox 1099 2077 1230 2147; x_wconf 84' lang='lat' dir='ltr'>immor·</span> 
     </span>
     <span class='ocr_line' id='line_1_17' title="bbox 290 2194 1229 2281; baseline 0.002 -19"><span class='ocrx_word' id='word_1_115' title='bbox 290 2196 402 2263; x_wconf 85' lang='lat' dir='ltr'>talitati</span> <span class='ocrx_word' id='word_1_116' title='bbox 419 2198 666 2278; x_wconf 78' lang='lat' dir='ltr'>anteponendus.</span> <span class='ocrx_word' id='word_1_117' title='bbox 700 2194 878 2281; x_wconf 83' lang='lat' dir='ltr'>„Quarum</span> <span class='ocrx_word' id='word_1_118' title='bbox 896 2195 1022 2263; x_wconf 84' lang='lat' dir='ltr'>landum</span> <span class='ocrx_word' id='word_1_119' title='bbox 1044 2213 1154 2264; x_wconf 89' lang='lat' dir='ltr'>auctor</span> <span class='ocrx_word' id='word_1_120' title='bbox 1177 2196 1229 2264; x_wconf 82' lang='lat' dir='ltr'>iu·</span> 
     </span>
     <span class='ocr_line' id='line_1_18' title="bbox 289 2298 1230 2398; baseline -0.001 -15"><span class='ocrx_word' id='word_1_121' title='bbox 289 2312 399 2398; x_wconf 82' lang='lat' dir='ltr'>primis</span> <span class='ocrx_word' id='word_1_122' title='bbox 427 2311 489 2380; x_wconf 85' lang='lat' dir='ltr'>luit</span> <span class='ocrx_word' id='word_1_123' title='bbox 515 2298 728 2395; x_wconf 82' lang='lat' dir='ltr'>Posidonius,</span> <span class='ocrx_word' id='word_1_124' title='bbox 751 2325 787 2377; x_wconf 92' lang='lat' dir='ltr'>ut</span> <span class='ocrx_word' id='word_1_125' title='bbox 814 2323 901 2396; x_wconf 85' lang='lat' dir='ltr'>patet</span> <span class='ocrx_word' id='word_1_126' title='bbox 929 2314 1103 2380; x_wconf 82' lang='lat' dir='ltr'>eScnecae</span> <span class='ocrx_word' id='word_1_127' title='bbox 1130 2313 1230 2398; x_wconf 80' lang='lat' dir='ltr'>Epia-</span> 
     </span>
     <span class='ocr_line' id='line_1_19' title="bbox 253 2407 1229 2515; baseline 0.001 -18"><span class='ocrx_word' id='word_1_128' title='bbox 253 2447 256 2454; x_wconf 88' lang='lat'>·</span> <span class='ocrx_word' id='word_1_129' title='bbox 287 2429 376 2499; x_wconf 85' lang='lat' dir='ltr'>tolia.</span> <span class='ocrx_word' id='word_1_130' title='bbox 400 2431 433 2479; x_wconf 76' lang='lat'>&lt;⁰</span> <span class='ocrx_word' id='word_1_131' title='bbox 474 2431 546 2515; x_wconf 88' lang='lat' dir='ltr'>Ipse</span> <span class='ocrx_word' id='word_1_132' title='bbox 573 2440 675 2499; x_wconf 82' lang='lat' dir='ltr'>autern</span> <span class='ocrx_word' id='word_1_133' title='bbox 695 2407 1003 2513; x_wconf 82' lang='lat' dir='ltr'>Senecamagnifico</span> <span class='ocrx_word' id='word_1_134' title='bbox 1022 2443 1100 2498; x_wconf 85' lang='lat' dir='ltr'>usus</span> <span class='ocrx_word' id='word_1_135' title='bbox 1121 2430 1229 2498; x_wconf 82' lang='lat' dir='ltr'>dioen-</span> 
     </span>
     <span class='ocr_line' id='line_1_20' title="bbox 289 2546 1228 2634; baseline -0.001 -18"><span class='ocrx_word' id='word_1_136' title='bbox 289 2549 321 2616; x_wconf 85' lang='lat' dir='ltr'>&#39;di</span> <span class='ocrx_word' id='word_1_137' title='bbox 346 2565 483 2634; x_wconf 79' lang='lat' dir='ltr'>genere,</span> <span class='ocrx_word' id='word_1_138' title='bbox 507 2549 645 2631; x_wconf 87' lang='lat' dir='ltr'>utinam,</span> <span class='ocrx_word' id='word_1_139' title='bbox 669 2547 731 2631; x_wconf 87' lang='lat' dir='ltr'>ait,</span> <span class='ocrx_word' id='word_1_140' title='bbox 752 2550 785 2597; x_wconf 68' lang='grc' dir='ltr'>(θ</span> <span class='ocrx_word' id='word_1_141' title='bbox 817 2547 1077 2630; x_wconf 85' lang='lat' dir='ltr'>quemadmodum</span> <span class='ocrx_word' id='word_1_142' title='bbox 1098 2546 1228 2615; x_wconf 81' lang='lat' dir='ltr'>univcr-</span> 
     </span>
     <span class='ocr_line' id='line_1_21' title="bbox 288 2664 1228 2752; baseline -0.003 -16"><span class='ocrx_word' id='word_1_143' title='bbox 288 2667 317 2736; x_wconf 82' lang='lat' dir='ltr'>ai</span> <span class='ocrx_word' id='word_1_144' title='bbox 343 2668 452 2735; x_wconf 89' lang='lat' dir='ltr'>mundi</span> <span class='ocrx_word' id='word_1_145' title='bbox 480 2664 575 2734; x_wconf 86' lang='lat' dir='ltr'>facies</span> <span class='ocrx_word' id='word_1_146' title='bbox 602 2666 857 2752; x_wconf 85' lang='lat' dir='ltr'>inconspectum</span> <span class='ocrx_word' id='word_1_147' title='bbox 880 2666 992 2750; x_wconf 63' lang='lat' dir='ltr'>venit,</span> <span class='ocrx_word' id='word_1_148' title='bbox 1014 2665 1057 2732; x_wconf 88' lang='lat' dir='ltr'>ita</span> <span class='ocrx_word' id='word_1_149' title='bbox 1082 2664 1228 2750; x_wconf 83' lang='lat' dir='ltr'>philoso-</span> 
     </span>
     <span class='ocr_line' id='line_1_22' title="bbox 286 2777 1227 2868; baseline 0.001 -19"><span class='ocrx_word' id='word_1_150' title='bbox 286 2783 361 2868; x_wconf 86' lang='lat' dir='ltr'>phia</span> <span class='ocrx_word' id='word_1_151' title='bbox 383 2799 451 2850; x_wconf 88' lang='lat' dir='ltr'>tota</span> <span class='ocrx_word' id='word_1_152' title='bbox 470 2784 564 2850; x_wconf 88' lang='lat' dir='ltr'>nobis</span> <span class='ocrx_word' id='word_1_153' title='bbox 585 2800 694 2868; x_wconf 88' lang='lat' dir='ltr'>posset</span> <span class='ocrx_word' id='word_1_154' title='bbox 715 2803 900 2867; x_wconf 81' lang='lat' dir='ltr'>occurrere,</span> <span class='ocrx_word' id='word_1_155' title='bbox 922 2782 1114 2852; x_wconf 84' lang='lat' dir='ltr'>simillimum</span> <span class='ocrx_word' id='word_1_156' title='bbox 1132 2777 1227 2851; x_wconf 75' lang='lat' dir='ltr'>mun&#39;·</span> 
     </span>
     <span class='ocr_line' id='line_1_23' title="bbox 287 2897 1226 2980; baseline 0.007 -17"><span class='ocrx_word' id='word_1_157' title='bbox 287 2899 329 2963; x_wconf 88' lang='lat' dir='ltr'>do</span> <span class='ocrx_word' id='word_1_158' title='bbox 351 2898 582 2980; x_wconf 84' lang='lat' dir='ltr'>spectaculum!</span> <span class='ocrx_word' id='word_1_159' title='bbox 604 2897 753 2965; x_wconf 87' lang='lat' dir='ltr'>Profecto</span> <span class='ocrx_word' id='word_1_160' title='bbox 776 2899 857 2966; x_wconf 90' lang='lat' dir='ltr'>enim</span> <span class='ocrx_word' id='word_1_161' title='bbox 884 2919 992 2966; x_wconf 90' lang='lat' dir='ltr'>omnes</span> <span class='ocrx_word' id='word_1_162' title='bbox 1016 2902 1164 2968; x_wconf 82' lang='lat' dir='ltr'>mortales</span> <span class='ocrx_word' id='word_1_163' title='bbox 1189 2900 1226 2970; x_wconf 76' lang='lat' dir='ltr'>ln</span> 
     </span>
     <span class='ocr_line' id='line_1_24' title="bbox 286 3010 1226 3100; baseline 0.012 -23"><span class='ocrx_word' id='word_1_164' title='bbox 286 3010 520 3077; x_wconf 85' lang='lat' dir='ltr'>admirationem</span> <span class='ocrx_word' id='word_1_165' title='bbox 546 3011 596 3078; x_wconf 87' lang='lat' dir='ltr'>sni</span> <span class='ocrx_word' id='word_1_166' title='bbox 619 3031 759 3096; x_wconf 82' lang='lat' dir='ltr'>raperet,</span> <span class='ocrx_word' id='word_1_167' title='bbox 791 3016 907 3083; x_wconf 84' lang='lat' dir='ltr'>relictis</span> <span class='ocrx_word' id='word_1_168' title='bbox 931 3014 1004 3098; x_wconf 90' lang='lat' dir='ltr'>his,</span> <span class='ocrx_word' id='word_1_169' title='bbox 1028 3034 1109 3100; x_wconf 85' lang='lat' dir='ltr'>quae</span> <span class='ocrx_word' id='word_1_170' title='bbox 1136 3014 1226 3088; x_wconf 85' lang='lat' dir='ltr'>nunc</span> 
     </span>
     <span class='ocr_line' id='line_1_25' title="bbox 238 3111 1226 3214; baseline 0.007 -20"><span class='ocrx_word' id='word_1_171' title='bbox 238 3111 243 3120; x_wconf 64' lang='grc'>’</span> <span class='ocrx_word' id='word_1_172' title='bbox 286 3136 417 3213; x_wconf 82' lang='lat' dir='ltr'>magna,</span> <span class='ocrx_word' id='word_1_173' title='bbox 437 3146 629 3212; x_wconf 80' lang='lat' dir='ltr'>magnorum</span> <span class='ocrx_word' id='word_1_174' title='bbox 652 3129 851 3214; x_wconf 83' lang='lat' dir='ltr'>ignorantia,</span> <span class='ocrx_word' id='word_1_175' title='bbox 879 3133 1047 3200; x_wconf 84' lang='lat' dir='ltr'>credimus.</span> <span class='ocrx_word' id='word_1_176' title='bbox 1062 3132 1085 3171; x_wconf 78' lang='lat'>’&#39;</span> <span class='ocrx_word' id='word_1_177' title='bbox 1106 3132 1226 3202; x_wconf 67' lang='lat' dir='ltr'>Perit</span> 
     </span>
     <span class='ocr_line' id='line_1_26' title="bbox 1168 3271 1226 3320; baseline 0 -17"><span class='ocrx_word' id='word_1_178' title='bbox 1168 3271 1226 3320; x_wconf 66' lang='lat' dir='ltr'>va-</span> 
     </span>
    </p>
   </div>
   <div class='ocr_carea' id='block_1_5' title="bbox 284 3453 1268 3821">
    <p class='ocr_par' dir='ltr' id='par_1_5' title="bbox 284 3453 1268 3827">
     <span class='ocr_line' id='line_1_27' title="bbox 329 3453 1268 3546; baseline 0 -19"><span class='ocrx_word' id='word_1_179' title='bbox 329 3474 370 3545; x_wconf 80' lang='grc' dir='ltr'>(ι)</span> <span class='ocrx_word' id='word_1_180' title='bbox 388 3453 473 3526; x_wconf 62' lang='lat' dir='ltr'>ruse.</span> <span class='ocrx_word' id='word_1_181' title='bbox 489 3468 526 3522; x_wconf 86' lang='lat' dir='ltr'>v.</span> <span class='ocrx_word' id='word_1_182' title='bbox 545 3454 583 3524; x_wconf 57' lang='lat' dir='ltr'>a?</span> <span class='ocrx_word' id='word_1_183' title='bbox 617 3471 658 3542; x_wconf 83' lang='lat'>(2)</span> <span class='ocrx_word' id='word_1_184' title='bbox 683 3453 768 3525; x_wconf 63' lang='lat' dir='ltr'>&#39;ruse</span> <span class='ocrx_word' id='word_1_185' title='bbox 797 3470 855 3526; x_wconf 89' lang='lat'>111.</span> <span class='ocrx_word' id='word_1_186' title='bbox 878 3473 903 3524; x_wconf 85' lang='lat' dir='ltr'>a.</span> <span class='ocrx_word' id='word_1_187' title='bbox 922 3455 966 3525; x_wconf 78' lang='lat' dir='ltr'>&#39;cr</span> <span class='ocrx_word' id='word_1_188' title='bbox 986 3471 1149 3527; x_wconf 65' lang='lat' dir='ltr'>nnuma</span> <span class='ocrx_word' id='word_1_189' title='bbox 1168 3477 1225 3532; x_wconf 67' lang='lat' dir='ltr'>aaa</span> <span class='ocrx_word' id='word_1_190' title='bbox 1264 3542 1268 3546; x_wconf 34' lang='lat'>‚</span> 
     </span>
     <span class='ocr_line' id='line_1_28' title="bbox 287 3548 1224 3634; baseline 0.001 -17"><span class='ocrx_word' id='word_1_191' title='bbox 287 3562 322 3618; x_wconf 79' lang='lat' dir='ltr'>u.</span> <span class='ocrx_word' id='word_1_192' title='bbox 334 3561 513 3631; x_wconf 58' lang='lat' dir='ltr'>rau-mnne</span> <span class='ocrx_word' id='word_1_193' title='bbox 529 3559 562 3614; x_wconf 83' lang='lat' dir='ltr'>n.</span> <span class='ocrx_word' id='word_1_194' title='bbox 574 3559 608 3614; x_wconf 78' lang='lat' dir='ltr'>u.</span> <span class='ocrx_word' id='word_1_195' title='bbox 651 3563 691 3630; x_wconf 74' lang='lat' dir='ltr'>(a)</span> <span class='ocrx_word' id='word_1_196' title='bbox 711 3560 820 3615; x_wconf 70' lang='lat' dir='ltr'>seneca</span> <span class='ocrx_word' id='word_1_197' title='bbox 837 3580 861 3616; x_wconf 75' lang='lat' dir='ltr'>c.</span> <span class='ocrx_word' id='word_1_198' title='bbox 880 3582 906 3617; x_wconf 72' lang='lat' dir='ltr'>a.</span> <span class='ocrx_word' id='word_1_199' title='bbox 942 3564 983 3634; x_wconf 77' lang='grc'>(4)</span> <span class='ocrx_word' id='word_1_200' title='bbox 996 3548 1032 3616; x_wconf 82' lang='lat' dir='ltr'>v&#39;.</span> <span class='ocrx_word' id='word_1_201' title='bbox 1050 3563 1075 3614; x_wconf 75' lang='lat' dir='ltr'>a.</span> <span class='ocrx_word' id='word_1_202' title='bbox 1110 3548 1152 3633; x_wconf 76' lang='grc'><strong>’(5)</strong></span> <span class='ocrx_word' id='word_1_203' title='bbox 1167 3563 1224 3618; x_wconf 74' lang='lat' dir='ltr'>rn-</span> 
     </span>
     <span class='ocr_line' id='line_1_29' title="bbox 284 3638 1224 3731; baseline -0.001 -28"><span class='ocrx_word' id='word_1_204' title='bbox 284 3651 382 3718; x_wconf 74' lang='lat' dir='ltr'>prinia</span> <span class='ocrx_word' id='word_1_205' title='bbox 399 3651 487 3723; x_wconf 68' lang='lat' dir='ltr'>Epist.</span> <span class='ocrx_word' id='word_1_206' title='bbox 505 3669 549 3730; x_wconf 83' lang='lat'>9⁰·</span> <span class='ocrx_word' id='word_1_207' title='bbox 570 3649 607 3729; x_wconf 90' lang='lat' dir='ltr'>V</span> <span class='ocrx_word' id='word_1_208' title='bbox 621 3647 725 3731; x_wconf 61' lang='lat' dir='ltr'>Bokana</span> <span class='ocrx_word' id='word_1_209' title='bbox 747 3649 817 3719; x_wconf 71' lang='lat' dir='ltr'>disp.</span> <span class='ocrx_word' id='word_1_210' title='bbox 835 3651 869 3704; x_wconf 86' lang='lat' dir='ltr'>de</span> <span class='ocrx_word' id='word_1_211' title='bbox 885 3638 956 3719; x_wconf 65' lang='lat' dir='ltr'>plac.</span> <span class='ocrx_word' id='word_1_212' title='bbox 974 3657 1003 3706; x_wconf 78' lang='lat' dir='ltr'>el</span> <span class='ocrx_word' id='word_1_213' title='bbox 1017 3650 1111 3721; x_wconf 67' lang='lat' dir='ltr'>adripi·</span> <span class='ocrx_word' id='word_1_214' title='bbox 1135 3649 1224 3710; x_wconf 68' lang='lat' dir='ltr'>Poni-</span> 
     </span>
     <span class='ocr_line' id='line_1_30' title="bbox 287 3723 1126 3821; baseline 0.01 -36"><span class='ocrx_word' id='word_1_215' title='bbox 287 3731 363 3785; x_wconf 76' lang='lat' dir='ltr'>deaii</span> <span class='ocrx_word' id='word_1_216' title='bbox 377 3726 465 3807; x_wconf 64' lang='lat' dir='ltr'>pon.</span> <span class='ocrx_word' id='word_1_217' title='bbox 503 3740 542 3812; x_wconf 77' lang='lat'>(6)</span> <span class='ocrx_word' id='word_1_218' title='bbox 563 3739 814 3821; x_wconf 62' lang='lat' dir='ltr'>Epthddem</span> <span class='ocrx_word' id='word_1_219' title='bbox 828 3726 957 3821; x_wconf 63' lang='lat' dir='ltr'>Epaon-</span> <span class='ocrx_word' id='word_1_220' title='bbox 1063 3723 1089 3797; x_wconf 59' lang='grc' dir='ltr'> </span> <span class='ocrx_word' id='word_1_221' title='bbox 1123 3816 1126 3821; x_wconf 84' lang='lat'>.</span> 
     </span>
    </p>
   </div>
   <div class='ocr_carea' id='block_1_6' title="bbox 0 0 1314 4658">
    <p class='ocr_par' dir='ltr' id='par_1_6' title="bbox 0 0 1314 4658">
     <span class='ocr_line' id='line_1_31' title="bbox 0 0 1314 4658; baseline 0 4"><span class='ocrx_word' id='word_1_222' title='bbox 0 0 1314 4658; x_wconf 95' lang='lat' dir='ltr'> </span> 
     </span>
    </p>
   </div>
  </div>
 </body>
</html>
