2618 4680
460 322 466 330 .
563 303 608 325 ι·-
628 281 734 353 77-

180 457 334 535 caeteris,
349 437 353 449 ⁸
368 469 416 521 et·
437 452 562 520 civibus
587 451 754 534 aliquando
785 451 852 518 auis
882 465 1057 534 praeessent
1084 450 1140 515 et?

183 562 324 645 ciuitates
345 572 488 638 moribus
507 570 694 652 legibusque
711 584 928 650 temperarent.
963 570 1015 635 Ad
1028 567 1126 651 quod}

180 688 256 754 item
294 687 518 755 instituendum
556 685 692 749 valuisse
730 685 961 765 quodammodo
994 685 1118 748 videtur

180 797 376 862 sacerdotum
399 795 482 876 apud
503 792 678 858 Orientales
700 793 886 874 exemplum.
925 792 1039 855 Valere
1055 809 1119 856 cer-

180 926 212 978 te
240 931 279 977 eo
311 911 424 975 murus.
454 909 562 992 potuit
602 908 795 974 Graecorum
825 907 903 973 ratio
928 907 1120 975 adcivilem

181 1028 446 1111 aequalitatem,
473 1046 564 1109 quam
616 1024 824 1091 Orientalium
862 1026 902 1090 ad
939 1024 1128 1107 principum.

181 1145 411 1211 venerationem
456 1146 687 1210 accommodata
728 1141 839 1223 magis.
896 1141 966 1206 Nec
1007 1143 1124 1205 desunt·

180 1261 357 1346 Aegyptiae
386 1261 595 1346 institutionis
623 1259 753 1343 vestigia
782 1259 816 1324 in
841 1257 1002 1341 republica
1018 1259 1128 1324 Plato-⁴

180 1379 254 1462 nis,
273 1379 505 1461 Pythagoricae
524 1377 638 1441 rationi
659 1377 750 1459 plane
771 1392 992 1442 consentanea.
1038 1375 1122 1456 Sed,

184 1508 222 1561 ut
245 1495 406 1559 mittamus
436 1493 617 1578 illud‚jnec
645 1513 756 1575 porro*
771 1512 994 1583 persequamur
1013 1493 1127 1565 Socraa

185 1608 320 1677 tis-cum
345 1610 521 1692 Pythagora
549 1612 828 1691 comparationem,
859 1630 896 1675 ex
916 1612 1126 1695 hoc-Aegyp.

184 1727 300 1797 tiorum
327 1725 415 1791 fonte
442 1723 612 1788 doctrinam
640 1725 678 1788 de
705 1724 807 1789 animo
836 1725 978 1791 hausisse
998 1726 1126 1795 videtur,

155 1824 384 1929 'Pythagoras
429 1838 541 1905 Refert
572 1840 777 1922 Herodotus,
808 1838 839 1882 (¹³
870 1842 989 1924 primos
1019 1843 1123 1911 fuisse

180 1957 357 2045 Aegyptios
388 1957 444 2037 qui
474 1955 632 2034 dicerent,
654 1956 788 2022 animum
811 1957 948 2022 hominis
979 1979 1048 2024 esse
1064 1961 1122 2024 im·

181 2077 364 2152 mortalem,
394 2086 470 2157 post
503 2071 649 2155 corporis
682 2092 761 2157 vero
785 2073 946 2138 interitum
979 2073 1012 2139 in
1037 2076 1123 2140 aliud

180 2195 325 2279 deinceps
361 2209 491 2257 nascens
526 2191 638 2256 animal
665 2189 861 2273 immigrare:
897 2211 1035 2275 cumque
1064 2213 1123 2278 per.

179 2312 288 2379 omnia.
309 2310 487 2392 terrestria,
516 2309 632 2375 marina
661 2324 693 2374 et
721 2309 863 2375 volucria
889 2310 1030 2376 animalia
1059 2312 1122 2377 cir·
1166 2336 1171 2341 ·

178 2427 298 2492 cuitum
329 2424 479 2504 fecisset,
502 2443 573 2487 eum
600 2423 711 2487 iterum
731 2440 907 2491 nascentem
930 2426 963 2490 in
981 2427 1124 2497 hominis.

179 2560 297 2624 corpus
317 2538 510 2620 immigrare:
535 2552 566 2599 et
589 2537 673 2600 hunc
693 2536 731 2602 ab
756 2559 793 2603 eo
816 2540 983 2607 circuitum
1003 2545 1117 2610 confici
1191 2576 1194 2593 =

182 2657 277 2721 trium
304 2652 436 2716 millium
471 2669 622 2716 annorum
653 2651 767 2732 spatio.
811 2656 843 2719 A
871 2655 988 2735 quibus
1019 2658 1118 2725 initiis

180 2770 344 2857 profectus
370 2767 586 2851 Pythagoras,
618 2767 862 2852 philosophatus
891 2770 1040 2839 subtilius
1071 2790 1125 2840 est

178 2890 217 2956 de
233 2887 406 2955 animorum
432 2905 488 2970 per
511 2888 567 2952 has
588 2884 788 2970 migrationes
809 2889 1042 2975 emendatione,
1064 2913 1118 2959 eo-

116 3026 119 3033 ·
178 3025 310 3087 rumque
330 3018 392 3070 tam
409 3003 562 3087 pristina,
585 3024 678 3086 quam
699 3003 805 3072 futura
829 3008 1032 3095 conditione,
1054 3029 1124 3079 sta-·

179 3124 322 3207 ruitque,
342 3142 402 3188 nos
427 3123 553 3188 aliunde
580 3122 613 3187 in
645 3122 723 3188 hanc
747 3140 858 3193 terram
878 3129 1049 3213 migrasse,
1071 3146 1117 3197 at·

181 3259 261 3320 que,
293 3254 329 3304 ut
359 3240 473 3306 Cicero
501 3239 744 3323 interpretatur,
776 3246 867 3327 quasi
896 3245 930 3309 in
962 3260 1116 3313 mercatus

181 3356 333 3436 quandam
365 3353 573 3435 celebritatem
605 3375 643 3421 ex
669 3357 748 3422 urbe
767 3358 895 3438 aliqua,
916 3357 962 3422 sic
983 3356 1018 3424 in
1038 3357 1117 3425 hanc

180 3472 276 3538 vitam
299 3467 413 3544 exalia
432 3469 494 3535 vita
515 3485 545 3535 et
565 3487 674 3538 natura
695 3471 857 3555 profectos
879 3469 910 3517 <²³

221 3582 432 3671 Pythagorica
461 3601 526 3648 non
552 3588 682 3667 minus,
707 3607 799 3670 quam
824 3587 1003 3675 Socratica,
1022 3592 1117 3661 disci·

1056 3711 1116 3794 pli.

185 3868 200 3915 ῃ
214 3840 260 3909 (a)
278 3842 317 3906 11.
338 3842 395 3895 125.
429 3835 479 3916 (a)
495 3837 576 3891 Quae.
594 3836 631 3892 V.
648 3838 675 3891 Ξ.
767 3908 772 3913 Ι
