2618 4680
551 313 747 377 5170*

185 499 219 546 se
248 470 309 546 hoc
336 478 498 560 proprium
529 477 653 547 videtur
677 477 784 561 ipsius
812 476 960 568 iugenio,
984 489 1019 539 ut
1042 474 1125 553 nihil

182 598 242 661 rite
267 570 448 680 explicitum
475 596 740 678 propositumque
765 594 999 674 arbitraretur„
1018 570 1123 663 antea·

183 734 278 796 quam
301 714 334 779 id
353 710 454 778 oculis'
476 713 664 796 subjecisset
688 712 880 795 legantium,
905 708 1095 792 quinetiam
1108 759 1124 792 s

185 845 221 898 ut
239 832 273 897 in
299 829 456 910 dramate,
478 829 575 905 vitam
593 819 621 895 ei
642 845 828 911 motumque
855 823 1002 911 dedisset,
1048 829 1124 911 Fins

182 962 269 1045 sacrat
291 947 324 1012 in
354 945 466 1019 Politia
500 948 640 1031 optimos
672 947 809 1015 civitatis
835 949 1005 1027 custodes,
1037 925 1124 1041 (apriis

181 1084 252 1139 tuos
279 1065 462 1149 principes,
493 1040 552 1146 qui
582 1064 700 1148 optima
719 1065 850 1152 ⁴ratione
878 1064 1126 1153 rempublicam

180 1182 384 1253 defenderent
403 1199 498 1266 atque
518 1184 783 1267 administrarent.
825 1160 954 1267 ‚Quibus
974 1158 1124 1283 omuibus

132 1328 134 1332 ·
181 1318 252 1385 apte
279 1301 446 1385 descriptis
463 1317 494 1367 et
510 1317 667 1383 tamquam
686 1302 719 1366 in
745 1301 851 1366 tabula
872 1297 1065 1383 adumbratis
1088 1318 1126 1367 ac

182 1419 340 1513 depictis,
363 1435 483 1487 tantum
507 1420 634 1502 aberat,
666 1434 717 1485 ut
726 1418 823 1485 hoc
814 1419 876 1515 apsi
905 1396 1126 1495 satisfaceret,
1145 1447 1175 1508 ι’

181 1552 219 1611 ut
238 1538 422 1605 Socratem
414 1557 448 1604 m
474 1538 607 1605 Timaeo
628 1539 784 1606 dicentem
802 1536 942 1619 inducat.
976 1581 1002 1615 „
1025 1531 1128 1607 Audi-

183 1669 214 1718 te
244 1656 309 1737 jam
332 1657 371 1721 de
394 1655 544 1737 civitate,
568 1675 660 1737 quam
693 1655 918 1736 absolvimus,
962 1651 1129 1735 quomodo

182 1788 252 1853 erga
281 1791 346 1836 eam
376 1770 507 1836 affectus
528 1772 600 1838 sim.
645 1772 753 1838 Simile
786 1771 862 1854 quid
882 1770 960 1840 mihi
988 1768 1128 1849 accidit,

181 1887 261 1955 acsi
282 1889 355 1970 quis
374 1889 517 1957 animalia
536 1885 652 1956 alieubi
673 1891 782 1975 pulcra
802 1866 1063 1970 contemplatus,
1085 1868 1132 1955 si:
1211 1966 1213 1969 Ι

179 2028 220 2077 ve,
248 2007 409 2097 pingendo
442 2005 621 2097 elaborata,
655 2004 726 2079 siue
754 2006 850 2088 viva,
884 2007 939 2070 sed
971 2003 1128 2087 immota,
1211 2083 1213 2088 ,

181 2125 289 2208 cupiat
313 2127 365 2191 illa
394 2141 425 2190 et
453 2126 486 2189 in
513 2143 604 2193 motu
632 2142 772 2207 spectare
808 2139 839 2188 et
865 2137 1023 2194 certamen
1044 2120 1129 2204 ipsis

179 2241 371 2311 conveniens
404 2255 515 2309 mutuo
547 2240 697 2315 ineuntia
750 2241 869 2317 Pariter
884 2257 968 2303 nunc
999 2257 1059 2327 ego
1081 2239 1130 2305 ci

181 2375 236 2421 ves
264 2355 336 2423 illos
360 2357 463 2439 gestio
490 2355 523 2421 in
543 2356 667 2431 actione
691 2332 927 2451 contemplari,
949 2371 1126 2431 narrantem

74 2472 76 2480 ’
181 2495 274 2560 quem
294 2474 424 2543 audiens
454 2475 644 2559 certamina,
665 2490 795 2558 quaet
778 2473 864 2540 lid
866 2475 937 2559 igna
961 2492 993 2539 et
1013 2474 1129 2543 educa·

180 2594 269 2660 tione
298 2608 342 2666 et,
360 2594 547 2676 disciplina,-
570 2609 632 2660 tam
665 2593 823 2672 dicendo,
853 2611 946 2673 quam
976 2574 1128 2675 agendo,

177 2730 251 2797 cum
293 2711 365 2778 aliis·
391 2712 574 2785 civitatibus
613 2711 822 2779 committant.
837 2710 860 2739 ”
882 2708 928 2754 ‘¹³‘
958 2697 1129 2792 Omnirm,

179 2849 258 2915 quae
298 2846 362 2897 arte
401 2831 557 2896 effinxerat
583 2831 672 2897 Plato
702 2829 859 2910 uniceque
888 2827 1129 2914 admirabatur,

104 3014 107 3019 ,
164 2945 418 3037 „Pygmalionis
410 2962 531 3025 instar,
553 2961 673 3017 motum
694 2946 745 3013 his
763 2962 794 3011 et
811 2947 907 3013 uitam
928 2947 1034 3013 indere
1055 2963 1133 3026 stu

179 3059 291 3131 debat:
314 3079 371 3125 nec
398 3056 501 3130 solum
532 3036 602 3128 hoc
624 3055 789 3146 proposito
827 3064 960 3133 Critiaar
979 3062 1132 3139 instituit

178 3176 337 3253 scribere.
355 3178 437 3260 sed,
461 3177 494 3242 in
514 3180 644 3255 caeteris
662 3180 777 3264 paritet
794 3139 948 3267 dialogis,
956 3179 1132 3248 formosis·

78 3302 81 3307 ‘
178 3294 278 3361 simos
307 3314 453 3378 quosque
480 3309 510 3361 et
541 3297 681 3379 optimos
706 3301 918 3373 adolescentes
949 3299 996 3367 sic
1028 3301 1129 3373 nobis

177 3413 346 3479 scribendo
375 3413 643 3496 repraesentavit,
665 3429 702 3487 ut
721 3435 777 3489 eos
803 3416 979 3488 etiamnunc
1009 3419 1131 3499 vivap..

178 3546 226 3599 res
254 3546 445 3616 agentesque
463 3532 623 3615 adspicere
642 3546 673 3598 et
692 3552 764 3611 cum
787 3534 917 3605 Socrate
936 3537 1136 3631 colloqueug.

57 3705 66 3731 ,
179 3664 228 3740 tes
250 3651 357 3716 audire
383 3650 554 3719 videamur.
599 3652 708 3737 Itaque
735 3655 822 3735 quod
836 3654 890 3720 ‘ab
907 3651 998 3719 initio
1032 3634 1130 3743 insti{

424 3786 429 3792 ·
1054 3752 1130 3840 'tui'

219 3883 258 3968 (ἰ)
278 3895 350 3949 ‘rim
370 3915 411 3968 19.
431 3899 467 3952 a..
