2618 4680
558 287 732 376 *63⁹-

184 472 277 548 noth
302 458 649 570 purs'UStobteanouum
677 488 891 558 excerptorum
904 489 930 556 ,·
960 490 1016 545 uae
1034 471 1111 540 Ve-

183 610 283 660 terum
310 595 379 660 loca
407 592 586 660 continebat
612 593 650 658 de
676 592 897 676 philosophiae
929 592 1021 675 periit
1048 591 1114 659 fere

177 727 295 792 tems,
328 731 421 792 quem
451 710 664 793 magistriam
688 711 918 790 desideramus,
950 707 1114 776 Ciceronis

174 828 396 908 “Hortensius,
419 834 491 912 quo'
499 827 730 911 philosophiam
747 827 974 894 commendavit
997 840 1028 891 ct
1044 845 1119 908 pro·

174 947 350 1030 ”pugnauitr
375 967 454 1028 quae
466 946 580 1030 scripta
598 945 624 1012 si
643 959 860 1027 superessent,
881 943 1003 1027 plenius
1023 943 1116 1009 ctiam

185 1065 225 1133 de
252 1064 383 1146 antiqua
403 1061 602 1149 philosophia
625 1063 801 1130 existimare
825 1062 942 1127 liceret.
995 1062 1116 1128 Verum

184 1194 288 1251 teuen
315 1180 516 1251 'Ciceroniuni
550 1178 656 1265 operis
693 1177 903 1260 fragmentum
920 1175 1021 1242 'nohis
1053 1195 1119 1243 ser-

184 1311 291 1367 uatum
326 1312 373 1363 est
408 1300 623 1380 praeclarum,
653 1296 719 1363 imo
746 1293 912 1361 conclusio
942 1307 1042 1358 exstat
1067 1306 1119 1357 to·
1155 1382 1158 1388 ,

176 1414 252 1481 tius
287 1412 530 1494 disputationis,
573 1431 635 1494 qua
670 1411 756 1480 haud
786 1411 829 1479 ita
859 1409 1042 1494 magnifice,
1084 1423 1122 1476 ut

187 1522 379 1599 ‘sumanus
407 1542 437 1593 et
461 1528 601 1610 Seneca,
623 1530 678 1595 sed
700 1540 862 1610 accurate,
883 1529 938 1595 sud
960 1525 1122 1597 Platonice

190 1641 255 1710 uim
279 1643 429 1725 expressit
449 1657 481 1711 et
503 1642 704 1725 propositum
737 1644 966 1727 philosophiae.
1026 1642 1118 1731 Quae

177 1757 306 1838 'tobias
328 1758 392 1838 eit,
414 1757 481 1827 dies
497 1772 672 1840 noctesque
693 1744 981 1843 considerantibus,
1004 1776 1122 1828 acuen·
1144 1846 1147 1854 .

173 1873 336 1960 'uiuosque
351 1871 616 1959 intelligentiam,
659 1890 739 1960 quae
779 1892 828 1945 est
859 1880 974 1948 mentis
1006 1880 1120 1961 acies,-

187 1991 456 2075 euueutihusque,
489 2012 529 2062 ue
560 1995 685 2073 quando
715 1993 766 2061 illa
800 1993 971 2074 hebescat,
1010 2011 1122 2075 magna

187 2125 263 2189 spes
290 2121 361 2190 est,
375 2122 436 2181 'aut
464 2109 493 2175 si
523 2109 584 2178 hoc
617 2109 706 2193 quod
723 2109 877 2191 sentimus
903 2128 935 2176 et
957 2108 1120 2195 sapimus,

171 2227 318 2294 mortale
345 2241 379 2297 ct
407 2229 559 2297 caducum
592 2243 664 2308 est,
702 2228 875 2312 jucundum
904 2226 1020 2310 nobis,
1048 2246 1120 2313 per·
1179 2259 1184 2267 ·

186 2340 304 2414 functis
328 2344 512 2415 muneribus
532 2346 701 2426 humanis,
732 2364 904 2426 occasum,
923 2363 1026 2428 neque
1050 2365 1122 2413 mo*

186 2459 298 2533 lesum
320 2462 559 2530 exstinctionem
583 2477 617 2528 et
642 2462 733 2542 quasi
760 2462 897 2543 quietern
921 2463 1006 2530 vitae
1029 2460 1119 2530 fore:

169 2590 245 2643 vsut
271 2577 322 2655 ci,
349 2589 388 2639 ut
412 2574 549 2656 antiquis
575 2575 801 2661 philosophis,
837 2577 953 2659 hisque
980 2579 1122 2647 maximis

189 2692 346 2773 longeque
371 2690 557 2760 clarissimis
579 2691 719 2776 placuit,
757 2705 898 2759 aeternos
930 2693 1050 2762 animos
1084 2711 1123 2763 ac

189 2808 315 2877 divium
339 2809 583 2881 hahemusrxsic
612 2809 851 2879 existimandum
875 2824 944 2894 est,
968 2833 1032 2895 quo
1055 2832 1120 2881 ura-

188 2926 236 3010 gis
265 2927 297 2995 hi
319 2927 441 2995 luerint
467 2927 591 3011 semper
615 2927 648 2993 in
676 2948 795 3010 cursu,
819 2929 852 2997 id
876 2947 944 3013 est,
966 2931 1009 2998 in·
1024 2933 1119 3000 ratio-

187 3061 228 3112 ne
256 3060 286 3110 et
304 3044 513 3126 investigandi
533 3044 706 3128 cupiditate
731 3058 762 3111 et
789 3068 855 3129 quo
881 3049 983 3118 minus
1010 3071 1043 3117 se
1067 3053 1121 3119 ad·

161 3251 165 3258 .
189 3159 371 3229 miscuerint
396 3176 492 3246 atque
525 3160 738 3246 implicuerint
766 3163 928 3235 hominum
959 3167 1049 3235 vitiis
1073 3182 1119 3234 at·

191 3292 254 3357 que
283 3277 465 3359 erroribus,
500 3280 563 3348 hoc
589 3279 652 3347 illis
678 3278 849 3351 faciliorem
878 3285 1121 3374 adscensumue

190 3393 325 3460 reditum
353 3393 388 3460 in
405 3397 526 3467 coelum
544 3397 623 3465 fore.
667 3399 891 3486 Quapropter,
919 3414 955 3464 ut
980 3399 1120 3478 aliquan·

190 3513 232 3579 do
261 3510 444 3576 terminetur
478 3516 598 3597 oratio,
629 3517 658 3583 si
688 3528 742 3580 aut
769 3514 925 3603 exstingui
953 3513 1119 3597 tranquille

191 3632 358 3711 uolrrtnus,
381 3649 452 3697 curn
470 3629 503 3695 in
521 3631 569 3697 his
588 3633 709 3699 artibus
727 3612 919 3712 vixerimus,
941 3648 995 3699 aut
1022 3633 1050 3700 si
1081 3655 1120 3703 ex

193 3745 249 3810 hac
277 3748 309 3810 in
336 3747 425 3816 aliam
447 3746 536 3811 -haud
572 3749 676 3829 paullo
707 3748 868 3817 meliorem
900 3747 1026 3814 domum
1053 3751 1120 3819 sine

501 3878 506 3885 ·
1052 3884 1119 3931 mo·
