2618 4680
547 308 758 371 *139*

178 486 294 548 verus‚
318 465 415 547 'quin
440 467 513 530 huic
544 467 635 532 aetati
665 469 834 552 ignoscat?
865 474 996 539 Accedit
1019 494 1110 558 argu·
1201 480 1202 483 ’

178 584 275 649 menti
296 582 468 647 sublimitas
498 597 528 645 ct
555 583 677 665 poetica
699 586 790 650 ratio.
836 586 928 651 Haud
959 589 1039 652 enim
1064 589 1111 653 fa·

176 700 236 765 cile
258 698 451 795 reperiatur,
482 700 536 781 qui
556 701 722 765 amantium
746 703 924 768 describens
950 723 983 768 ac
1006 720 1113 784 poeta·

178 834 247 879 rum
279 813 546 893 enthusiasmum,
577 791 645 896 ipse
666 815 728 882 sibi
758 834 885 899 caveat,
916 838 955 882 ne
980 823 1115 884 exsultet

178 930 314 1028 subinde
344 929 443 995 oratio
460 951 495 997 ac
517 932 675 1013 poeticum
699 934 776 1016 quid
803 953 833 1000 et
852 936 1114 1021 dithyrambieum

179 1062 284 1113 sonet.
347 1047 468 1112 Habuit
502 1046 563 1112 hoc
595 1050 683 1114 Plato
721 1072 794 1137 cumx
821 1054 1004 1144 Democrito
1029 1072 1115 1117 com·

180 1179 299 1242 mune,
339 1162 395 1243 qui
425 1163 498 1227 item
527 1163 691 1247 scripsisse
720 1166 757 1231 de
778 1140 884 1233 furore
915 1170 1050 1233 videtur.
1084 1166 1115 1214 (θ

181 1279 256 1364 Quo
289 1279 415 1343 nomine
443 1280 547 1363 jungit
578 1300 632 1346 eos
669 1284 796 1350 Cicero.
819 1287 851 1331 <²³
895 1285 1018 1364 Video,
1050 1284 1116 1365 ait,

178 1395 282 1463 visum
311 1417 380 1462 esse
404 1396 593 1480 nonnullis,
612 1399 750 1466 Platonis
774 1415 804 1469 et
823 1401 1003 1484 Democriti*
1016 1400 1117 1472 lavu-

180 1514 322 1593 tionem‚
365 1513 424 1579 etsi
456 1514 538 1580 absit
570 1534 588 1582 a
621 1537 759 1599 versu‚·
785 1533 887 1585 tamen
920 1520 1009 1600 quod,
1041 1518 1126 1593 incif.

181 1629 278 1697 tatius
312 1629 430 1698 feratur
465 1647 495 1697 et
526 1632 706 1700 clarissimis
739 1615 908 1703 verborum
944 1635 1127 1713 luminibus

181 1763 306 1830 utatur,
328 1747 435 1832 potius
453 1768 565 1831 poema
588 1751 782 1835 putandum,
806 1770 898 1833 quam
923 1749 1127 1835 comicorum„

180 1882 357 1951 poetarum.
388 1867 553 1934 Caeterum
573 1867 686 1946 Plato,
709 1867 797 1949 quod
824 1865 981 1949 principio
997 1865 1124 1935 monui·-

182 2004 274 2066 mus,
305 2004 324 2049 a
348 1983 439 2066 poesi
458 1985 506 2069 ,ad
522 1983 757 2064 philosophiam
782 2001 974 2067 progressus
998 1998 1067 2064 est,
1089 1997 1121 2047 et

183 2120 219 2165 ea
240 2101 365 2167 vivebat
384 2112 505 2179 aetate,
536 2118 597 2181 qua
616 2098 729 2182 ligatae
753 2096 904 2163 orationis
937 2112 967 2162 et
999 2080 1128 2194 solutae⁴

182 2217 349 2284 discrimen
377 2216 496 2285 idoneis
534 2218 672 2283 nondum
696 2215 819 2299 legibus¹
837 2234 911 2289 erat
942 2213 1128 2303 definitum.1

182 2338 257 2422 Quo
295 2334 400 2402 minus
425 2334 519 2400 nobis
547 2333 804 2399 committendum
829 2347 902 2417 cst,
937 2347 972 2396 ut
1004 2331 1126 2417 scripta

182 2453 244 2518 viri
265 2466 295 2516 et
315 2451 429 2532 placita
451 2449 490 2513 ad
510 2447 695 2528 posterioris
718 2463 749 2509 et
769 2462 895 2534 nostrae
912 2449 989 2511 adeo
1011 2446 1123 2519 aetatis¹
1168 2487 1172 2491 -

183 2563 395 2631 conditionem
423 2560 594 2643 exigamus.
638 2560 779 2626 Tantum
809 2575 911 2625 autem
940 2562 1051 2649 abest,
1073 2577 1123 2651 [ut-

184 2682 260 2745 haec
282 2679 354 2770 ejus
373 2677 411 2742 de
429 2694 533 2742 amore
550 2675 632 2741 dicta
656 2676 739 2741 levia
758 2675 895 2757 putanda
913 2676 978 2740 sint
998 2695 1032 2738 ac
1050 2675 1122 2762 phi-

184 2797 322 2880 losopho
349 2793 497 2877 indigna,
526 2807 562 2858 ut
579 2789 737 2857 interioris
758 2791 939 2857 contineant
963 2792 1128 2863 doctrinae.

119 2998 126 3007 ἦ
184 2910 363 2982 Platonicae
383 2910 548 2996 principia.
594 2910 692 2997 Quod
708 2908 802 2975 nobis
819 2924 887 2976 tum
905 2910 1038 2979 maxime
1058 2929 1128 2999 nat·⁸

182 3032 336 3103 nifastum
355 3031 438 3114 erit,
461 3030 585 3114 quando
598 3027 909 3116 copervenarimus,
932 3048 996 3112 quo
1018 3028 1124 3094 omnis

183 3151 268 3234 apud
293 3151 454 3216 Platonem
482 3146 583 3213 tendit
609 3145 814 3230 philosophia
845 3147 975 3230 pulcri,
1006 3149 1046 3213 ad
1075 3151 1122 3233 ip-

183 3269 249 3332 sius
265 3267 374 3353 pulcri
399 3269 572 3332 scientiam.
618 3264 679 3331 Sed
708 3282 772 3350 quo
801 3263 924 3353 facilius
950 3283 988 3327 eo
1011 3282 1126 3349 pervc-¹

183 3379 330 3462 uiarum,
351 3383 389 3447 de
414 3380 535 3447 artibus
559 3381 621 3466 jam
641 3399 738 3463 porro
763 3380 918 3463 agendum
948 3392 1019 3458 est,
1041 3397 1126 3461 quae,

182 3499 225 3568 ad
250 3496 353 3583 pulcri
386 3515 523 3563 amorem
560 3499 705 3579 ducunt,
747 3494 967 3577 hominemque
994 3471 1129 3579 praepa-⁵

118 3617 125 3631 '
183 3632 276 3705 tant,
296 3630 333 3685 ut
354 3616 459 3699 ipsum
477 3614 644 3696 aliquando
663 3613 808 3696 pulcrum
830 3625 1015 3699 cognoseat.
1033 3690 1046 3698 Α,
1104 3668 1124 3700 4

982 3808 986 3816 .
1060 3729 1121 3821 oe

218 3872 262 3946 (ι)
280 3871 319 3926 V.
336 3888 416 3941 rapta
432 3887 460 3940 p.
480 3867 539 3923 124.
556 3874 625 3929 not.v
685 3866 728 3938 (a)
749 3865 827 3935 Quat,
845 3883 869 3921 c·
887 3883 934 3935 ap·-
1001 3900 1034 3907 ›-
1079 3897 1084 3929 ς
