2618 4680
518 263 700 334 μέγα*

143 416 243 504 totuin
255 429 423 512 ‘Europam
439 440 582 497 ’numero
611 431 708 498 ferme
724 432 885 504 infinitos:
907 440 963 504 sed
977 427 1077 520 'qnos
1175 448 1178 455 ’

141 549 252 630 quinos
290 546 422 615 vocabat
456 567 558 630 suto,
601 550 781 632 praesertim
796 551 995 634 'quihuscum
1021 558 1074 640 jn-

134 661 263 751 'nenilis·
283 675 387 740 aetas,
427 681 489 729 nnn
516 661 576 731 illa¹
600 665 729 732 maxime
760 666 799 731 a'd
831 664 1075 734 contrahendam?

138 778 303 852 amicitiam
332 794 426 861 apta,
449 779 553 862 ipsum
582 781 807 864 conjunxerat,
829 782 942 849 horum
956 781 1075 847 'amici-

29 879 32 884 '
136 892 211 960 n‘am
232 908 264 959 et
288 910 394 961 sancte
414 895 517 961 coluit
530 910 561 963 et
580 911 760 963 constanter
778 899 817 965 td
834 913 1005 966 extremum
1024 899 1076 964 vi·

136 1009 311 1082 mefinent.
351 1012 388 1077 In
408 1007 526 1094 quibus
543 1013 689 1082 censebat
710 1029 741 1081 et
756 1013 834 1080 alios
856 1031 886 1080 et
899 1009 1071 1083 Boschiutn

137 1142 284 1213 ¹suomet
305 1125 498 1198 Parisienses'
526 1129 644 1196 amicos
676 1128 892 1196 Villois'onum
905 1130 1076 1210 ,nisancto

136 1243 301 1327 crucium,
331 1247 545 1340 Ltrchetunt:
582 1247 639 1328 qui
668 1245 778 1329 quanti
811 1264 882 1312 enm
911 1241 1074 1326 facerent,

126 1373 321 1452 <quant-eum
342 1363 483 1429 vicissim
506 1362 703 1445 diligerent,
716 1363 785 1446 ipse
798 1369 879 1428 'snm
903 1378 1071 1443 expertus,
1133 1426 1136 1430 .

126 1491 240 1556 >quum
259 1478 384 1560 juvenis
405 1478 543 1544 venirem
571 1477 732 1545 Lutetiam
758 1496 875 1559 eosque
895 1479 1074 1552 salutarent,
1084 1464 1086 1469 ’

138 1591 416 1674 Amplectebantur
449 1605 506 1657 me
529 1583 709 1672 continno,
752 1595 894 1674 quamvis
927 1593 1074 1674 ignotunt‘

134 1707 214 1790 ipsis
222 1721 288 1789 ,et
308 1720 405 1790 suum
418 1707 570 1773 vocabant
590 1723 726 1791 sponte,
748 1718 784 1776 nt
803 1709 993 1794 discipulum
1020 1714 1075 1774 nie

133 1844 206 1914 esso
224 1839 438 1911 cognoverant
460 1824 699 1907 Wyttenbtchii
725 1827 796 1892 sni.'
832 1827 895 1894 Sed
914 1827 973 1892 tibi
992 1823 1070 1909 quid

132 1959 249 2023 narro,
271 1942 451 2024 Creuzere,
473 1949 539 2022 quo
557 1939 611 2006 iiie
629 1940 729 2008 'fuerit
752 1943 784 2006 in
803 1943 920 2009 amicos
941 1945 1068 2023 animo,

134 2058 282 2143 quenin
302 2057 435 2142 paucis,
458 2077 539 2139 quos
559 2057 727 2142 diligebat,
750 2058 858 2124 amicis
881 2057 995 2140 insigni
1011 2057 1071 2123 'ha-

48 2215 49 2218 ‘
132 2177 202 2248 buit
223 2177 325 2247 ioco?
360 2175 447 2245 Mihi
467 2190 570 2243 eutem
593 2195 665 2244 cum
684 2176 759 2242 alias
780 2176 889 2259 patuit
905 2177 1071 2262 haecejus

130 2293 240 2361 caritas
264 2294 298 2359 in
316 2306 348 2357 te
369 2307 400 2358 et
421 2293 580 2374 amicitia,
615 2309 682 2361 tum
708 2294 764 2360 illo
794 2295 972 2377 praesertim
992 2297 1070 2360 tem-

120 2430 339 2494 .pore,2quum
367 2422 402 2477 tn
421 2407 483 2491 ipsi
501 2410 621 2491 collega
643 2411 736 2476 dotus
759 2409 885 2476 dic'ann‘i
907 2414 946 2476 in
963 2427 1067 2488 osten,-

130 2529 212 2593 susi
231 2545 321 2595 ,mox
333 2525 532 2593 valetudinis,
552 2539 681 2590 coactus
703 2527 909 2606 necessitate,
937 2527 1070 2592 redituni

104 2703 105 2707 ,
130 2660 255 2725 potares
274 2639 524 2721 Heidelbergann.
557 2639 622 2705 Sed
644 2639 744 2704 nolim
761 2657 909 2702 renovare
931 2641 1069 2704 dolorem

130 2757 300 2842 acerbum,
323 2775 416 2839 quem
448 2754 576 2840 optimis
598 2754 781 2837 quibusque
812 2753 942 2821 maxime
965 2753 1069 2818 attulit

129 2876 287 2944 discessus
318 2874 372 2940 ille
407 2882 495 2941 tnus'.
547 2872 605 2941 Ille
636 2872 883 2957 q'uidenixtiv
913 2856 1068 2944 ἀέκόντί
1171 2928 1178 2944 ,

114 2998 180 3077 1γέ
199 2999 295 3079 θυμῷ
320 3008 351 3058 te
383 2992 530 3074 dimisit,
553 2991 672 3076 quippe
700 2991 734 3057 id
762 3007 874 3083 optans
908 2990 1061 3073 maxime,

111 3111 216 3190 *quod
244 3109 304 3176 tibi
331 3124 414 3175 esset
438 3111 593 3176 salutares
625 3122 656 3173 et
685 3115 746 3174 nos
770 3128 877 3174 onnes
899 3111 1064 3192 dolentes,
1155 3149 1156 3152 ,
1208 3160 1212 3167 .

84 3248 86 3256 ·
129 3223 187 3288 sed
206 3223 301 3290 simul
320 3232 604 3313 εὐφημοῦντες,
627 3224 751 3308 tibique
774 3226 853 3291 bene
878 3226 1063 3307 cupientes,

128 3347 342 3413 revertentem·
362 3343 529 3422 pnosecutii
548 3361 677 3411 sumus:
710 3361 768 3407 nee
794 3344 949 3408 verume
975 3342 1064 3408 decet'

127 3475 217 3540 aegre
241 3452 323 3520 ferre
344 3457 431 3534 quod
454 3457 511 3524 tibi
525 3473 567 3524 et
584 3458 683 3525 literis
702 3455 885 3541 profuisse,
907 3455 976 3540 ipse
995 3461 1063 3526 mo.

128 3574 169 3638 do
189 3570 414 3654 Heidelbetgae
436 3576 583 3654 cognovi.
626 3575 709 3642 Nam
738 3573 783 3639 sic
805 3588 835 3638 te
857 3572 968 3641 florere
995 3579 1060 3647 vidi

127 3689 235 3755 favore
253 3690 393 3758 omnium
423 3700 456 3755 et
478 3690 583 3772 fama,
605 3708 662 3773 ut,
685 3690 827 3772 quemvis
849 3694 910 3760 mei
929 3696 1060 3780 patrinu-¹

130 3823 193 3885 qut
212 3826 319 3892 caussa
347 3808 480 3877 dolerent
492 3855 511 3890 ,.
527 3806 586 3872 tibi
603 3808 682 3874 hanc
704 3827 741 3874 ex
760 3811 862 3905 animo
888 3819 1060 3897 gratularer

522 4002 525 4007 ,
554 3925 582 3992 C
609 3947 625 4009 s
1010 3931 1015 3943 '
