2618 4680
565 270 742 342 usp-n

181 450 275 521 nam,
294 437 425 520 antiquo
445 438 575 506 habitu:
598 437 781 523 interpretes
799 456 875 503 vero
895 438 1117 522 philosophiae

181 556 229 623 sic
241 559 404 636 loquentes
420 569 551 639 pergent
567 554 712 620 inducere
730 557 910 636 Socratem,
929 556 1113 637 Platonem,

179 671 406 746 Aristotelem,
439 686 475 736 ut
498 671 603 738 audire
634 671 795 738 videamur
825 690 892 737 non
917 673 1034 754 hosce,
1057 675 1115 740 seo

179 786 378 869 Genesium,
407 787 624 871 Leibnitium,
655 787 837 855 Batonem?
867 790 928 856 Est
948 808 1024 855 vero
1049 789 1113 854 hoc

180 910 304 971 summa
330 923 392 988 ope
421 905 582 971 nitendum
615 904 767 988 criticis,
796 920 834 970 ut
861 905 1020 988 repudiato
1048 908 1112 971 hoc

178 1023 290 1089 habitu
314 1036 448 1104 nostro,
467 1043 524 1089 sua
550 1024 700 1107 prodeant
721 1037 753 1088 et
783 1022 982 1115 simplicitate
1008 1020 1113 1088 nativa

178 1156 210 1207 et
228 1158 306 1207 vero
322 1140 513 1205 sublimitate
530 1139 712 1222 philosophi
737 1137 880 1220 antiqui:
903 1135 1042 1220 criticis,
1064 1136 1113 1203 in-

179 1277 294 1340 quam,
316 1258 377 1323 hoc
403 1255 578 1339 agendum,
601 1255 720 1340 quippe
750 1254 808 1339 qui
834 1269 989 1338 praestare
1013 1268 1114 1320 caete·

178 1374 222 1440 ris
245 1375 365 1460 judicio
387 1372 557 1452 uidentur,
589 1385 620 1437 et
644 1372 784 1438 omnium
808 1373 940 1439 maxime
966 1389 1114 1438 verume

176 1491 279 1573 falso,
301 1510 403 1556 rema
428 1489 531 1574 specie
559 1488 754 1572 distinguere
773 1490 901 1557 debent.
956 1489 1028 1554 Hoc
1056 1505 1117 1553 au-

177 1614 240 1663 tem
266 1610 302 1677 pt
329 1597 447 1662 dudum
470 1596 673 1661 instituerunt
706 1597 833 1662 maximi
859 1596 978 1678 quique
998 1595 1031 1660 in
1061 1593 1114 1661 bis

178 1710 293 1780 studiis
325 1711 385 1777 viri
405 1760 438 1804 ,Ι
460 1710 512 1778 ita·
534 1730 573 1777 eo
600 1712 763 1777 contendit
795 1728 852 1793 per
882 1724 980 1776 totam
1017 1709 1114 1776 vitam

179 1828 459 1912 wyttenbachius:
483 1828 628 1910 idemque
646 1829 709 1894 has·
721 1826 856 1895 Critices
876 1840 979 1909 partes
999 1824 1031 1890 in
1048 1825 1117 1908 pri·

179 1947 241 2015 mIs
265 1949 409 2015 censebat
430 1967 538 2032 graves
556 1962 587 2012 et
607 1944 807 2013 necessarias.
861 1942 1011 2011 Refertur
1038 1940 1115 2024 ilia,

178 2066 299 2147 aiebat,
330 2067 369 2132 ad
394 2066 511 2147 scripta
534 2078 698 2145 veterum;
732 2063 789 2128 sed
815 2061 953 2145 pertinet
978 2060 1050 2127 item
1074 2060 1117 2128 ad

179 2200 288 2247 eorum
311 2201 361 2245 res
389 2195 419 2244 et
445 2179 610 2261 opiniones
630 2178 654 2246 i.
677 2199 708 2244 e.
730 2197 857 2257 mores,
889 2179 997 2261 leges,
1027 2178 1119 2243 insti-

134 2345 136 2349 <
179 2311 270 2377 tuta,
301 2311 404 2377 artes,
436 2294 571 2379 placita,
604 2293 762 2379 politicam
798 2311 920 2359 omnem
952 2306 983 2358 et
1012 2294 1118 2376 philo-

180 2412 345 2496 sophiam,
370 2433 449 2494 quae
471 2413 604 2498 judicari
627 2407 839 2496 explicarique
862 2428 902 2475 ex
921 2408 1121 2491 antiquitatis

180 2529 301 2596 ratione
326 2549 390 2596 non
414 2530 518 2596 minus
542 2532 669 2613 debent,
692 2548 785 2612 quarn
806 2526 876 2611 ipsa
898 2527 1025 2612 scripta.
1078 2527 1120 2592 In

181 2649 328 2731 utrisque
353 2664 455 2716 autem
482 2648 673 2716 illustrandis
701 2649 806 2715 eidem
835 2646 892 2713 via
921 2643 1121 2729 progreditur

182 2767 314 2832 Critica.
359 2767 404 2832 Ut
431 2768 547 2846 scripta
575 2766 817 2846 interpretetur,
850 2782 889 2829 ex
907 2763 978 2844 ipsh
1000 2743 1121 2846 lingua·

181 2899 252 2945 rum
283 2880 388 2944 indole
420 2898 515 2943 voces
556 2890 587 2941 et
627 2877 780 2943 dictiones
820 2892 1003 2959 earumque*
1017 2879 1120 2944 varias

184 2992 428 3076 significationes
454 2993 598 3076 explicat.
659 2994 733 3080 Qua
758 2994 790 3060 in
817 3018 850 3063 re
874 2987 1019 3062 excelluit
1039 2993 1118 3059 Tib.

184 3107 443 3176 Hemsterhusius
468 3124 498 3174 et
521 3125 682 3193 quotquot
703 3111 832 3179 fuerunt
856 3115 964 3182 divino
986 3112 1056 3179 vito
1075 3110 1121 3176 si·

185 3225 300 3308 miles,
335 3224 390 3307 qui
419 3225 562 3293 adhibito
584 3229 744 3314 analogiae
770 3229 913 3314 lumine,
940 3228 1122 3298 mirabiliter
1195 3274 1212 3337 ἶ

184 3345 380 3445 illustrarunt
407 3344 531 3411 abditos
559 3364 704 3429 quosque
735 3361 765 3412 et
788 3346 912 3427 linguae
932 3347 1069 3414 Graecae
1090 3360 1122 3412 et
1162 3326 1193 3385 ²³

187 3463 376 3530 Graecarum
406 3463 565 3553 literarum
596 3483 751 3529 recessus.
804 3465 954 3532 Similiter
982 3477 1123 3532 versatur

187 3579 307 3645 Critica
327 3583 360 3646 in
383 3582 477 3648 rebus
509 3596 652 3648 veterum
680 3594 712 3645 et
740 3580 946 3664 opinionibus
974 3583 1123 3663 interpre-

188 3694 305 3760 tandis.
358 3700 411 3765 Ex-
432 3699 501 3783 ipso
517 3697 713 3781 antiquitatis
736 3697 841 3765 indole
864 3713 895 3761 et
915 3697 1028 3781 repetit
1054 3694 1124 3760 illas

187 3825 223 3880 et
241 3812 385 3880 declarat.
428 3817 527 3903 Quod
546 3818 731 3901 eloquenter.
747 3812 977 3884 commundavit
1007 3813 1126 3883 Emes-

658 3954 661 3962 '
1060 3944 1126 3996 llus
