2618 4680
129 328 134 343 ⁴
176 332 182 353 ’
221 324 438 398 surianos
469 326 546 396 haee
570 328 633 394 fun
653 328 792 396 emonis
811 304 899 409 vin,
920 326 965 394 ut
997 329 1041 395 as
1072 328 1122 396 rn-

179 463 273 513 eunte
302 463 400 514 aetate
436 448 467 512 in
499 447 617 512 scholis
652 448 843 513 delitesceret
875 449 1120 530 metaphysico-

176 582 274 647 ¹rum,
299 567 456 646 rebusque
474 562 616 630 obscuris
641 580 672 628 et
693 564 842 628 intriortis
864 562 1051 630 definiendo
1075 586 1121 632 ar·

184 686 457 767 gumentandoque
489 682 658 749 enodandis
687 685 836 749 studeret.
890 683 976 747 Pner
1003 684 1122 766 poesin

182 806 347 881 tractavit,
379 815 533 882 tantoque
562 802 676 868 ductus
713 816 761 866 est
797 800 1006 884 pulcerrimae
1047 803 1123 866 artis

178 930 311 998 amore,
333 933 368 985 ut
396 917 531 983 earmina
555 931 668 1001 sponte
685 914 830 982 funderet
854 932 885 980 et
906 917 1016 982 Musis
1034 919 1124 984 vide-

185 1051 271 1101 retur
292 1055 348 1118 per
374 1049 472 1101 totam
503 1035 599 1101 vitam
620 1050 818 1120 operaturus.
861 1033 1010 1098 Accessit
1033 1035 1125 1100 dein·

157 1152 224 1217 ,de
255 1153 294 1217 ad
327 1148 585 1235 philosophiam:
628 1170 695 1233 quo
732 1170 803 1215 eum
835 1150 981 1214 Socrates
1025 1150 1124 1214 addn·

185 1271 277 1336 cebat
300 1285 331 1337 et
363 1273 463 1337 multo
493 1271 583 1336 etiam
617 1268 715 1353 magis
747 1272 848 1352 ipsius
887 1286 1016 1336 natum:
1048 1291 1123 1337 nam

187 1389 286 1455 inerat
318 1391 384 1474 ejus
418 1389 530 1475 menti,
545 1388 746 1472 philosophia
771 1375 958 1470 quaedam(
988 1389 1051 1454 Sed
1078 1391 1125 1455 ita

189 1507 218 1569 ei
248 1507 392 1585 studuit,
414 1520 451 1570 ut
478 1506 593 1588 legeret
616 1505 710 1569 simul
731 1520 838 1587 poetas
857 1503 961 1568 omnis
978 1506 1051 1570 aevi
1075 1524 1122 1570 ce-

188 1620 396 1700 leberrimos,
427 1622 621 1700 Homerum,
644 1621 842 1699 Hesiodum,
865 1621 1061 1705 Pindarum,
1087 1624 1119 1688 il·

182 1734 239 1802 los
266 1737 470 1821 praesertim,
500 1756 635 1819 quorum
663 1737 797 1801 carmina
827 1739 1057 1823 philosophiae
1076 1760 1111 1807 cs·

182 1860 260 1920 'sent
286 1855 395 1938 plena,
417 1854 653 1933 Parmenidem,
675 1855 913 1936 Pythagoreos,
949 1873 1023 1924 tum
1047 1860 1106 1925 Tm

183 1971 300 2054 'gicos‚
334 1973 507 2051 Comicos,
538 1987 604 2036 turn
640 1971 712 2034 item
742 1971 911 2051 Erotieos,
946 1977 1113 2044 Anacreon-

188 2103 276 2168 tem,
299 2088 518 2167 Sapphonem:
539 2106 673 2166 quorum
695 2088 829 2152 lectione
853 2087 1000 2157 imbutus
1033 2112 1122 2178 quum

184 2203 228 2266 'ed
257 2200 453 2265 scribendum
483 2219 517 2264 se
544 2202 651 2282 daret,
675 2218 788 2284 sponte
812 2206 1002 2272 exhilarabat
1029 2213 1127 2296 scrip-

184 2306 222 2381 'ta
244 2334 301 2381 sua
328 2314 501 2381 venustatis
527 2318 661 2399 quodam
692 2335 723 2384 et
752 2340 888 2404 poeseos
910 2327 1032 2410 colore.
1065 2331 1129 2397 Sed

194 2433 332 2499 studium
351 2433 413 2498 hoc
441 2447 472 2497 et
491 2453 624 2515 poeseos
652 2452 683 2502 et
704 2454 865 2520 poetarum
894 2461 959 2507 eam
980 2444 1050 2510 vim
1077 2448 1132 2512 ha·

186 2549 265 2616 'buit
295 2549 328 2616 in
356 2549 416 2617 viri
445 2550 702 2638 philosophiam,
735 2571 770 2621 ut
802 2559 877 2623 haee
902 2560 1069 2628 videretur
1093 2566 1156 2630 ab·

1084 2682 1132 2765 in

188 2796 238 2853 ,IL
252 2795 508 2863 vl1.v.Den1'ex
525 2797 594 2865 disp.
614 2799 694 2866 deuvi
711 2802 825 2852 musices
841 2801 874 2851 ad
891 2804 978 2855 escol.
993 2803 1133 2860 hominem

189 2901 210 2945 ¹e
232 2891 299 2933 sent.
327 2882 396 2934 Plat.
425 2884 501 2954 Traj.
526 2888 559 2937 ad
576 2887 628 2939 hh.
654 2890 730 2941 1816.
761 2890 804 2941 De
825 2893 915 2944 choris·
936 2911 971 2943 ex
995 2899 1134 2948 sententia

191 2971 319 3023 ¹Platonis
335 2973 390 3039 egit
409 2973 473 3023 Bax.
500 2974 569 3041 disp.
597 2977 630 3026 de
655 2986 768 3029 naturae
786 2963 959 3046 simplicitate
980 2982 1010 3033 in
1031 2983 1132 3054 Eurip.

196 3059 296 3112 Oreste
318 3059 394 3129 'l'raj.
408 3060 441 3111 ad
457 3061 510 3114 nh.
531 3067 606 3119 1816.
620 3067 664 3123 cf.
683 3067 718 3119 L.
730 3067 767 3119 G.
780 3068 898 3130 Parem,
923 3069 1027 3124 Lucina
1040 3066 1062 3124 1.
1075 3070 1133 3127 ’111-

187 3150 315 3222 ,uigantes
331 3149 359 3201 in
377 3152 474 3201 Annal.
498 3146 582 3206 held.
603 3155 926 3227 Rhenolr.1819—182o.
945 3160 989 3227 De
999 3163 1133 3234 discipli-

188 3258 233 3293 Jca
254 3240 356 3290 amorio
373 3230 453 3308 (περὶ
466 3241 517 3305 τῆς
529 3238 680 3315 ἐρωτικῆς)
692 3246 857 3312 scripserunt
865 3247 1004 3312 plotinus,
1014 3249 1130 3320 Olymp.

197 3328 320 3381 Proclus.
340 3326 359 3378 1.
378 3326 415 3391 1.,
446 3335 503 3379 tum
532 3328 644 3384 Maxim.
673 3335 740 3402 Tyr.
768 3335 831 3388 diss.
857 3335 1131 3393 xxiv-XXVII.

185 3418 248 3473 ,Ed
266 3415 358 3471 Reisk.
376 3425 404 3468 et
421 3417 558 3471 Plutarch·
573 3421 602 3470 in
625 3425 788 3488 Amatorio,
809 3427 857 3494 qni
878 3427 998 3478 omnium
1013 3431 1132 3481 maxime

195 3510 304 3563 videtur
332 3509 491 3559 sententiam
517 3508 637 3564 Platonis
669 3522 697 3564 et
723 3515 825 3581 cepisse
852 3523 880 3566 et
907 3517 1066 3583 expressisse.
1092 3519 1130 3571 V.

187 3597 288 3663 ,Intpp
308 3597 340 3652 ad
359 3595 473 3649 Piraedr.
493 3606 520 3650 et
538 3599 632 3668 Symp.
651 3610 680 3653 et
701 3603 840 3672 Reyntlers
863 3604 954 3656 Dian.
975 3605 1005 3656 in
1030 3605 1131 3676 Symp.

196 3685 240 3735 Ad
253 3673 378 3765 hodierni
387 3689 560 3755 aevicaplum
572 3700 816 3761 exposueruulearn
830 3708 892 3741 cum
904 3692 963 3757 alii,
973 3701 1030 3747 tum
1038 3699 1131 3748 maxi..

187 3788 238 3836 ,1111
266 3773 310 3825 Fr.
336 3775 387 3828 W.
412 3776 442 3830 Β.
468 3776 532 3835 Von
556 3779 694 3841 Ramdohr
710 3780 803 3838 venus
822 3778 934 3835 Urania
953 3783 1031 3854 Lips.
1051 3789 1131 3859 1798.
